2750 3800
257 145 325 212 210
505 149 613 202 raum
631 148 754 204 orsosrr
770 150 1018 204 ursromsnvu

257 292 327 358 eius
345 288 465 359 damrm
481 292 659 378 uincerent,
676 294 767 360 cuius
785 294 930 378 periculo
948 294 1163 363 uincerentur.
1190 317 1267 363 num

256 380 413 447 uictorem
441 378 613 448 Cacsurern
640 381 680 448 ds
707 381 817 449 Gellia
845 404 1010 449 reuersum
1041 383 1151 450 ciuilia
1179 384 1267 452 bella

255 469 412 535 comitata
429 473 506 535 sunt
522 469 651 555 aliaque
668 470 865 556 grauissima
880 471 978 557 nrsla,
1000 472 1163 539 interfecti
1181 473 1266 559 apud

255 555 396 634 Parthos
424 553 534 623 Crassi
565 563 599 624 et
627 559 780 626 trucidati
808 559 982 644 exercitus,
1011 567 1267 646 praecesserunt.

201 653 242 712 18
325 642 430 712 'anno
457 644 500 712 ab
526 645 607 712 arbe
635 646 765 713 condita
790 663 935 714 nexcvu
962 645 1100 715 Crassus
1127 649 1161 714 in
1190 671 1265 716 con-
1285 675 1306 714 a.
1320 672 1345 711 sc

254 733 362 800 salatu
384 733 512 822 collega
529 734 665 821 Pompei
687 735 888 820 prouinciam
907 735 1042 804 sortitus
1061 737 1097 804 in
1115 737 1265 818 Parthos,
1292 755 1306 794 ⁶

253 820 353 889 homo
379 822 583 907 inexplebilis
604 823 806 910 cupiditatis,
834 824 946 891 audita
968 825 1002 890 in
1025 825 1264 911 Hierosolymis

252 911 366 994 templi
388 910 564 996 opulentis,
585 932 683 996 quam
705 911 877 997 Pompeius
900 913 1055 978 intactum
1079 912 1265 999 reliquerat,

252 999 288 1064 in
309 997 529 1065 Palaestinam
552 999 698 1083 deuertit,
720 998 983 1085 Hierosolymam
1007 1001 1083 1085 adit,
1106 1002 1262 1087 templum

215 1102 235 1154 s
252 1087 410 1174 persuadit,
427 1110 505 1174 opes
523 1087 645 1174 diripit.
676 1087 750 1154 inde
769 1109 828 1174 per
841 1089 1113 1176 Mesopotamiam
1127 1089 1262 1158 tendens
1278 1108 1305 1149 ιο

251 1177 287 1243 ia
309 1175 487 1261 Parthiam,
508 1198 709 1262 quecumque
732 1177 795 1243 iter
816 1177 933 1244 habuit
954 1179 1052 1246 sociis
1074 1179 1263 1245 ciuitatibus

251 1263 373 1330 auxilia
404 1263 534 1346 indixit,
566 1265 672 1351 pretia
702 1265 812 1351 exegit
839 1287 978 1352 moxque
1007 1271 1046 1332 ut
1070 1266 1261 1352 Euphraten

249 1353 395 1438 transiit,
415 1353 491 1420 ilico
514 1353 676 1442 Vegesen,
698 1353 844 1440 legetum
866 1355 908 1421 ab
931 1353 1063 1422 Herode
1085 1376 1163 1442 rege
1186 1355 1262 1422 Por-

249 1441 382 1508 thorum
393 1441 435 1507 ad
448 1463 483 1508 sa
497 1443 643 1526 missurn,
656 1441 789 1508 obuium
803 1440 928 1525 habuit,
942 1465 962 1508 a
975 1464 1039 1529 quo
1055 1442 1263 1510 uehementer

249 1527 427 1614 increpitus
454 1533 519 1614 est,
546 1551 604 1597 cnr
629 1534 743 1596 contre
769 1529 883 1597 foedus
909 1531 1037 1598 Luculli
1067 1534 1102 1597 et
1127 1530 1261 1618 Pompei
1276 1549 1303 1590 1⁶

248 1617 391 1684 auaritia
422 1617 573 1684 inductus
603 1616 794 1702 Euphraten
825 1618 1000 1686 transierit.
1050 1620 1260 1704 quamobrem

144 1727 147 1732 ·
248 1705 319 1772 sine
340 1727 432 1772 mors
453 1705 608 1792 futurum,
630 1711 668 1772 at
688 1728 748 1790 pro
771 1728 851 1774 auro
869 1706 1023 1774 Parthico
1042 1705 1150 1774 Serico
1173 1709 1260 1776 ferro

212 1797 445 1860 temeraretur.
490 1795 599 1880 itaque
627 1815 700 1860 cum
727 1816 831 1880 prope
856 1793 974 1863 Curras
1002 1801 1136 1862 uentum
1163 1801 1260 1880 asset,

247 1881 360 1950 Parthi
385 1879 501 1950 lsubito
524 1883 714 1971 ingruentes
736 1905 809 1952 cum
828 1883 952 1952 Surena
969 1888 1004 1952 et
1022 1883 1148 1952 Silaces
1168 1907 1259 1972 prae·
1277 1913 1292 1953 s
1312 1906 1343 1947 sn

246 1970 342 2038 iestis
365 1973 496 2060 sagittis
524 1993 713 2060 oppressere
736 1972 910 2040 Romanos.
956 1973 1098 2040 cecidere
1120 1973 1166 2040 ihi
1189 1975 1259 2060 plu·
1274 1991 1302 2033 ιο

245 2059 321 2127 rimi
343 2067 525 2145 certatores,
551 2062 676 2149 aliquot
702 2060 800 2128 etiarn
828 2062 1017 2129 consulares
1046 2067 1080 2127 et
1106 2061 1259 2148 praetorii

247 2149 323 2234 uiri3
346 2146 483 2216 Crassus
505 2173 632 2236 quoque
655 2151 742 2216 tilius
761 2150 881 2235 Crassi,
904 2151 1100 2217 lectissimus
1123 2151 1258 2232 iuuenis,

246 2237 282 2304 in
304 2238 373 2304 acie
396 2239 522 2304 occisus
544 2243 603 2304 est.
645 2242 814 2325 prseterea
836 2243 990 2324 quattuor
1012 2238 1163 2305 cohortes
1185 2261 1258 2306 curn

245 2323 449 2412 vargunteio
466 2325 497 2392 le
521 2330 577 2393 sto
596 2325 710 2392 mediis
728 2325 947 2413 deprehensae
966 2327 1089 2412 campis
1107 2331 1141 2392 et
1158 2327 1258 2393 inter-

202 2426 232 2498 Ι4
248 2413 351 2480 lectae
374 2419 459 2482 sunt
494 2347 636 2480 Coronas
658 2419 752 2500 rapto
770 2415 917 2501 equitatu
935 2412 1089 2482 Crassum
1109 2416 1258 2502 persequi
1272 2433 1300 2474 ss

247 2500 388 2568 intendit
409 2522 547 2588 eumque
569 2502 824 2569 circumuentum
848 2523 887 2568 ac
909 2503 1030 2568 trustra
1052 2502 1258 2589 conloquium

247 2590 317 2656 sins
340 2593 503 2675 petentem
525 2590 703 2676 interiecit,
730 2592 880 2678 quamuis
906 2589 1018 2657 uiuum
1042 2591 1169 2657 auferre
1191 2612 1259 2658 nra·

246 2675 370 2744 luisset
419 2678 515 2766 psuci
545 2680 652 2746 noctis
684 2679 841 2747 beneficio
872 2679 1003 2746 liberati
1033 2676 1152 2746 Carras
1183 2701 1257 2746 con·

209 2765 406 2854 tingsrunt
450 2767 583 2854 cognita
609 2766 700 2834 clade
722 2767 942 2834 Romanorum
969 2767 1094 2834 multus
1121 2766 1258 2834 orientis

244 2855 431 2942 prouinciae
453 2876 473 2923 a
496 2856 650 2924 societate
672 2855 726 2923 ael
748 2856 811 2923 fide
833 2855 947 2944 populi
964 2855 1105 2923 Rornnn
1122 2855 1256 2922 delecis-
1269 2875 1298 2916 so

245 2947 333 3030 sent,
363 2945 400 3012 ni
428 2942 561 3014 Cassius
592 2945 740 3015 collectis
772 2968 811 3013 ex
842 2945 923 3034 iuga
953 2945 1113 3012 militibus
1144 2945 1256 3032 paucis

244 3031 513 3102 intumescentem
531 3031 660 3122 Syriam
678 3035 812 3122 egregia
829 3034 931 3102 animi
949 3033 1070 3100 uirtute
1088 3055 1128 3100 ao
1148 3033 1256 3101 mode·

244 3121 371 3189 rstions
396 3123 585 3210 pressisset3
616 3122 673 3210 qui
699 3127 734 3190 et
759 3123 959 3191 Antiochum
986 3122 1160 3208 copiasque
1186 3122 1255 3189 eius
1344 3163 1345 3184 2

94 3241 97 3248 ⁴
243 3209 395 3298 ingentes
444 3211 547 3279 roelio
575 3211 656 3315 aicit
683 3217 718 3278 et
746 3212 924 3316 interiecit,
954 3209 1097 3314 Parthos
1128 3231 1255 3296 quoque
1343 3233 1345 3348 p

244 3297 287 3364 ab
313 3297 368 3366 Ho
427 3319 447 3366 s
471 3299 508 3367 in
534 3296 663 3385 Byrrum
690 3299 808 3367 missos
836 3318 966 3385 samque
995 3317 1160 3386 mgmssos
1186 3301 1255 3364 An·
1268 3315 1295 3357 ss

242 3385 398 3544 m
426 3385 514 3455 hallo
543 3386 669 3474 sxpnlit
695 3386 872 3475 ducemque
903 3406 1016 3454 eorum
1045 3384 1178 3474 Osagen
1205 3385 1254 3452 irr-
1342 3351 1345 3470 Ι
