2806 3788
346 149 389 216 88
591 151 1107 208 rsvnronosumsnonrssvss

309 304 517 362 emmonem.
551 293 737 362 Alexander
757 315 836 362 nero
858 295 945 381 opud
965 294 1181 381 Bebylonsnr,
1203 319 1277 365 enm
1301 297 1355 366 od·

343 379 406 451 hue
423 383 616 470 sanguinem
634 383 749 451 sitiens
768 382 854 450 mule
867 382 1029 472 mtigntn
1042 384 1199 454 ouiditste
1213 385 1355 454 ministri

342 470 470 538 insidiis
491 493 651 538 uenenum
717 475 829 557 tusset,
851 471 985 539 interiit.

307 566 327 619 o
409 557 541 626 Odore
557 581 651 627 nuens
693 559 837 627 ominum
855 565 890 626 et
905 581 963 626 cor
980 581 1108 646 semper
1126 560 1354 628 inhumsnnnsl

340 667 404 800 :fo
426 646 510 733 ipse,
540 649 596 734 qni
618 647 699 715 hseo
720 668 780 734 pro
803 643 981 715 odmmde
1003 649 1148 716 omniurn
1170 653 1354 736 temporum
1379 668 1395 713 ι

373 736 520 803 ummo
547 735 733 803 colomitote
754 756 944 822 percenseo,
970 735 1006 802 in
1028 735 1134 803 reletn
1156 737 1243 803 tenti
1265 739 1354 823 moli,

338 822 1354 1000 tittottulttulllt‘ffltltttzsttttmllt

338 999 436 1068 cordo
458 999 632 1069 condolui?
651 999 808 1089 numquid
826 1001 998 1069 reuoluens
1016 999 1096 1069 lusce
1115 1005 1250 1090 propter
1265 1022 1351 1069 eom·

301 1101 320 1152 e
338 1110 468 1158 monem
480 1090 745 1159 uiuendistotnm
753 1090 914 1157 meierum
922 1091 1071 1158 miserius
1081 1090 1262 1159 menst'eci?
1278 1113 1350 1158 oum
1366 1109 1394 1154 ro

336 1183 457 1263 husen,
473 1179 503 1246 si
520 1177 649 1266 quondo
664 1176 704 1246 de
722 1180 863 1265 meipso
881 1180 996 1264 refero,
1015 1184 1053 1245 ιιι
1065 1179 1197 1266 ignotos
1211 1179 1352 1265 primurn

335 1265 495 1334 bubones
508 1266 661 1353 uiderim,
674 1272 711 1334 nt
723 1265 860 1334 iniestm
874 1266 1116 1352 declinenerisn,
1130 1271 1169 1334 nt
1182 1267 1352 1335 dominon-

335 1356 427 1422 tibus
440 1354 604 1422 blanditus
618 1355 691 1441 sins,
703 1362 741 1422 ut
753 1353 899 1423 infideles
909 1356 1140 1441 proeceuerim,
1153 1361 1190 1422 ut
1198 1356 1352 1423 insidien-

298 1452 316 1508 ι
335 1447 387 1514 tes
405 1444 666 1536 subterfugerim,
683 1451 848 1534 postremo
866 1449 905 1514 nt
920 1452 1150 1533 persequentes
1167 1445 1202 1514 in
1215 1446 1298 1513 meri
1312 1467 1350 1514 so

335 1536 424 1604 soris
442 1536 639 1624 spiculisque
656 1536 854 1624 odpetentes,
871 1535 1031 1604 minibus
1049 1536 1148 1604 etiem
1167 1558 1269 1625 poene
1283 1537 1350 1604 ium
1362 1567 1386 1608 s

334 1625 612 1710 edprelsendentes
630 1625 801 1710 repentino
817 1625 938 1691 nebulo
953 1626 1166 1692 circumfusus
1181 1627 1350 1712 cesserim,
1364 1647 1390 1688 ιι

333 1716 469 1778 mesos
491 1712 659 1778 audientes
682 1732 734 1778 nse
755 1712 793 1777 in
812 1711 963 1778 locrimns
980 1712 1178 1778 commoneri
1195 1711 1296 1777 nelirn
1315 1718 1350 1778 et

332 1797 453 1868 ndu·
482 1798 522 1869 de
552 1822 618 1867 non
644 1796 830 1880 dolentibus
857 1797 1000 1883 doleern,
1029 1803 1183 1886 reputans
1211 1797 1349 1866 duritiae

296 1897 457 1974 sectum,
478 1887 534 1976 qni
557 1887 644 1976 quod
665 1909 731 1956 non
754 1887 937 1955 sustinuere
964 1909 1032 1955 non
1053 1887 1198 1956 eredunt
1231 1887 1349 1974 Hispo·

332 1999 397 2046 nus
423 1981 457 2046 et
482 1976 631 2047 llorinus
658 1976 701 2044 ed
727 1975 975 2064 supplicandum
999 1976 1185 2044 Alexandro
1209 1975 1348 2064 Babylo
1361 1997 1391 2040 ιι

332 2088 412 2135 nom
443 2067 526 2136 odiit
555 2070 786 2156 cruentumque
816 2065 905 2135 ultro
938 2065 1119 2155 dominnm,
1148 2089 1190 2135 ne
1219 2065 1349 2136 hostem

333 2157 503 2245 exciperet,
524 2179 584 2245 per
596 2157 769 2246 Assyrium
784 2155 975 2245 indiamque
993 2157 1166 2244 quaesiuit,
1187 2161 1348 2226 terrorum

333 2251 438 2315 metes
461 2248 604 2315 lustrnns
627 2251 660 2315 et
681 2247 810 2334 utrique
833 2245 1007 2313 infeliciter
1028 2250 1126 2315 notus
1150 2245 1292 2316 Oceano:
1314 2252 1349 2316 et

332 2341 445 2404 tumen
475 2339 545 2404 torn
576 2335 740 2404 uiolentne
771 2335 976 2403 necessitatis
1003 2335 1161 2403 memorie
1187 2338 1240 2404 nel
1269 2337 1348 2405 obli·

296 2424 431 2493 eniens
457 2423 575 2494 deiecit
600 2426 654 2493 uel
680 2425 779 2491 uiluit
805 2427 978 2492 uetustate
1023 2429 1058 2491 et
1083 2446 1145 2491 nos
1171 2432 1347 2513 perpetuae
1361 2444 1390 2487 ss

331 2513 549 2584 recordationi
575 2513 750 2583 hnesnmns
777 2517 944 2602 putemus,
975 2512 1062 2600 quod
1090 2513 1230 2600 plurime
1257 2515 1347 2584 orbis

331 2609 425 2692 perte
442 2627 557 2674 uento
573 2627 675 2673 onum
689 2628 730 2674 sn
777 2606 845 2672 lum
859 2603 959 2693 lugu
973 2603 1058 2671 lutto
1071 2602 1231 2672 uiolauit?
1254 2605 1347 2694 quusi

331 2715 412 2764 nero
437 2693 636 2763 Gotthorurn
667 2700 702 2762 et
743 2694 907 2762 ’usbornrn
937 2715 1051 2781 ponem
1082 2697 1213 2762 utnon
1240 2692 1347 2764 dicum

332 2806 430 2852 nerse
449 2785 522 2853 nice
544 2783 645 2853 lndns
667 2782 721 2853 nel
735 2783 901 2871 Assyrius,
924 2783 979 2851 sed
999 2783 1099 2852 etiem
1118 2784 1170 2851 uel
1188 2783 1267 2870 ipse,
1290 2785 1347 2875 qui

145 2860 146 2863 ¹
279 2887 317 2938 to
333 2873 465 2941 hostem
494 2875 633 2962 potitur,
663 2872 832 2960 Hispanus
862 2873 1014 2941 creuerit
1058 2878 1095 2940 ιιι
1123 2894 1201 2941 uero
1231 2873 1260 2941 si
1289 2874 1347 2942 ille
1360 2896 1388 2939 ιι

333 2961 512 3031 Alexandri
538 2965 687 3052 tempore
713 2962 874 3031 lundunde
900 2961 1012 3049 potius
1034 2967 1170 3050 propter
1191 2961 1347 3031 uirtutem

332 3073 397 3139 qno
425 3055 517 3120 totns
550 3053 639 3121 orbis
668 3051 835 3137 obtentus,
866 3073 964 3138 quern
995 3050 1187 3120 detestande
1212 3058 1348 3140 propter

330 3140 461 3208 minem
491 3161 556 3227 qno
583 3144 675 3208 totus
705 3141 796 3209 orbis
826 3161 959 3208 euersos
992 3144 1043 3207 est
1070 3140 1268 3207 iudicentur:
1296 3141 1346 3208 in·

330 3227 503 3298 nenimtnr
530 3231 565 3297 et
592 3227 690 3297 nsodo
717 3227 864 3316 plurimi,
893 3227 949 3315 qui
976 3226 1056 3296 hoec
1083 3227 1248 3296 loudsnds
1273 3249 1346 3296 cen·

332 3322 441 3404 mnu,
466 3316 544 3405 quis
568 3316 675 3386 inulto
701 3319 849 3387 uicerunt
876 3320 910 3384 et
935 3316 1085 3384 miserius
1112 3316 1252 3384 eliorum
1274 3316 1345 3384 leli·
1358 3333 1388 3380 ιι

278 3417 313 3471 ιι
333 3406 466 3476 ἀιαιιιιι
485 3427 578 3475 snum
595 3411 757 3494 reputent.
789 3406 847 3474 sed
859 3406 947 3474 dicet
959 3405 1145 3493 quinqueni:
1161 3404 1220 3472 isti
1231 3405 1346 3472 hostes

330 3493 512 3568 Βοωίιο
530 3499 618 3566 sunt.
643 3493 905 3587 respondebitur:
923 3492 986 3564 hoo
1004 3498 1039 3563 et
1050 3500 1129 3564 tnnc
1142 3495 1215 3562 toto
1228 3491 1346 3564 orienti
