2714 3788
1269 10 1309 118 le

1270 107 1308 205 iss'

299 151 494 206 snvnnsvu
511 151 676 206 rsosuos
694 153 747 208 vn
766 157 879 211 rs-sn
1032 151 1099 220 259

153 297 250 362 Anno
268 295 310 362 sb
329 295 408 362 urbe
426 294 557 364 condita
574 311 774 365 nccccnxnn
789 295 973 366 Gordianus
991 297 1098 366 nicen·
1118 311 1136 364 t
1269 304 1276 337 ³

87 384 187 454 simne
209 384 326 453 tertius
348 384 391 452 ab
412 383 563 474 Augusto
586 386 764 473 imperator
786 389 914 456 creatus
936 390 987 455 eet
1009 409 1099 455 man·
1273 383 1277 390 ’

87 476 192 563 sitque
222 473 258 542 in
290 495 329 543 eo
361 475 456 543 suuis
483 496 549 543 sen
592 497 669 544 nam
701 475 880 564 Pupienus,
911 477 1100 547 interfector

1 599 21 640 μ
34 580 75 626 ero
87 563 269 650 Maximini,
296 569 330 632 et
356 563 458 631 freter
486 563 556 632 eius
579 563 752 653 Balbinus,
775 564 839 653 lqui
861 573 1101 653 usurpaucrsnt

60 653 268 740 simpertum,
289 653 324 719 in
346 651 474 720 Palatio
498 675 574 721 mox
596 653 759 722 interfecti
781 659 867 722 sunt
914 655 1097 724 Gordianus
1116 669 1134 721 4

86 740 259 809 admodum
280 762 361 827 puer
383 741 418 808 in
441 742 599 810 orientem
618 742 660 808 nd
677 743 800 810 bellum
818 742 1006 811 Parthienen
1025 767 1100 830 pro-

35 845 73 888 su
88 827 256 914 iectulrus,
277 828 361 896 sicut
382 827 563 915 Eutropius
586 830 709 916 scribit,
731 829 802 897 Iani
824 834 936 916 portas
959 831 1100 916 aperuit:

88 939 168 1006 ques
190 921 300 984 utrum
322 920 399 1005 post
420 915 660 1022 Vespasianum
683 922 717 987 et
739 917 849 986 Titum
874 917 991 1005 aliquis
1014 919 1099 987 clau·

87 1007 175 1092 serit,
196 1007 359 1073 neminem
382 1007 550 1092 scripsisse
573 1007 723 1092 memini,
745 1028 818 1075 cum
841 1011 953 1074 tumen
976 1029 1032 1074 ens
1055 1009 1098 1075 ab

47 1113 73 1156 ιο
86 1095 157 1184 ipso
171 1093 375 1182 Vespasiano
395 1101 472 1184 post
489 1116 610 1162 annum
629 1100 759 1183 apertas
778 1093 947 1164 Cornelius
965 1095 1097 1163 Tacitus

87 1187 211 1274 prodat.
246 1185 347 1274 igitur
364 1183 549 1254 Gordianus
567 1185 757 1274 ingentibus
774 1185 906 1273 proeliis
924 1184 1096 1254 aduersum
1115 1196 1132 1250 o

88 1275 224 1342 Pnrthos
251 1295 406 1363 prospere
429 1275 532 1364 gestis
556 1297 690 1345 suornm
711 1274 825 1343 froude
847 1274 936 1342 band
957 1276 1057 1362 longe
1078 1299 1100 1342 a
1271 1281 1274 1290 “

87 1361 234 1432 Gircosso
256 1385 355 1451 snper
375 1364 569 1452 Euphraten
591 1365 781 1432 interiectus
804 1369 864 1433 eet

8 1467 72 1512 ¹sea
153 1452 256 1524 tenuo
279 1453 322 1521 ab
344 1454 424 1522 urbe
447 1453 578 1523 condite
600 1469 833 1524 nccccnxnvn
855 1453 1027 1543 Philippus
1049 1452 1097 1521 ni·
1113 1457 1155 1520 te
1281 1454 1284 1468 '

48 1560 74 1605 ¹⁶
87 1543 248 1615 censimus
275 1548 410 1634 quartus
434 1545 476 1614 eb
498 1545 651 1636 Angusto
674 1545 853 1634 imperator
874 1549 1001 1614 creatus
1024 1543 1099 1613 Phi·

86 1636 209 1724 lippum
237 1635 339 1702 fllium
366 1657 461 1703 annm
488 1638 672 1703 consortem
698 1635 793 1723 regni
815 1634 895 1703 iecit
916 1635 1099 1722 mansitque

1 1752 23 1882 z·
34 1738 76 1871 :11
88 1724 292 1883 terei:
311 1728 451 1882 iere
472 1722 1134 1902 restitueretur*

88 1902 277 1972 millesimus
308 1925 328 1972 a
357 1903 543 1972 conditione
570 1901 696 1971 Ronm
725 1925 829 1971 annus
857 1902 1011 1991 impletus
1039 1907 1098 1970 est

47 1993 134 2063 ”ita
156 1993 337 2084 megnificis
358 1993 444 2064 ludis
467 1991 717 2084 augustissimus
741 1992 886 2064 omnium
908 1993 1099 2082 praeterito·

87 2108 158 2152 rum
185 2083 239 2154 hic
265 2086 386 2153 natalis
414 2107 519 2153 annus
546 2081 774 2154 aCbristiauo
796 2085 994 2172 imperatore
1016 2084 1097 2152 cele-

86 2171 197 2240 bratus
228 2177 287 2238 est
331 2194 391 2240 nec
421 2172 558 2239 dubium
590 2177 652 2252 eat,
683 2173 763 2258 quin
794 2173 882 2239 Phili
906 2194 968 2259 pus
999 2171 1134 2238 hninse

87 2263 196 2326 tantm
224 2260 408 2328 deuotionis
438 2260 582 2348 grutiem
611 2263 645 2326 et
672 2259 830 2327 honorem
930 2255 1098 2326 Obristnm

86 2353 120 2414 et
140 2346 320 2416 Ecclesiam
348 2348 538 2436 reportarit,
565 2347 695 2436 quando
722 2348 777 2416 uel
804 2369 976 2416 ascensum
997 2347 1097 2415 fuisse

44 2449 73 2494 ’ὅ
86 2437 119 2503 in
147 2433 347 2524 Capitolium
373 2438 625 2523 immolatasque
651 2459 691 2503 cx
718 2458 808 2505 more
834 2436 961 2510 hostes
987 2437 1096 2503 nullus

8 2558 10 2565 ·
34 2535 74 2580 ⁸¹⁶
90 2529 202 2594 unctor
223 2525 374 2596 ostendit
421 2523 526 2594 lambo
548 2529 657 2593 umen
681 2525 831 2612 quamuis
854 2524 992 2592 diuersis
1014 2523 1132 2593 locist

87 2615 227 2682 tumultu
250 2616 384 2685 militari
408 2622 443 2685 et
465 2615 557 2684 Decii
579 2615 692 2684 ireude
715 2615 887 2684 interiecti·
901 2619 985 2683 sunt
1296 2652 1297 2661 κ

149 2703 246 2773 Anno
276 2706 318 2773 ab
348 2706 427 2773 urbe
456 2703 588 2773 condita
616 2705 790 2773 millesimo
819 2708 936 2792 quarto
963 2702 1093 2788 Decius,
1109 2705 1148 2766 ¹1
1271 2767 1273 2770 .

84 2791 191 2861 ciuilis
221 2793 302 2863 belli
333 2795 481 2863 incentor
510 2797 544 2862 et
570 2813 753 2882 repressor,
789 2793 905 2863 occisis
935 2791 1096 2879 Philippis

45 2893 72 2936 Ν
84 2880 277 2990 uicensimus
291 2884 425 2988 quintus
436 2884 481 2988 ab
491 2881 642 2988 Augusto
656 2883 780 2988 inuasit
791 2880 1096 2986 imperinmtenuit

82 2993 143 3126 liz
156 2969 1131 3162 effitptf‘ltsittttllt0efflpttt„(ittet²

82 3147 297 3239 ficiendoeque
311 3148 518 3220 Christianos
537 3148 694 3238 septimus
713 3153 791 3237 post
802 3147 966 3220 Neronem
981 3147 1095 3216 ieraha

82 3237 236 3324 dispersit
269 3242 375 3308 edicta
409 3241 633 3329 plurimosque
663 3245 851 3310 cunctorum
883 3239 925 3308 ad
956 3259 1093 3308 coronas

43 3335 70 3378 ⁸⁵
83 3321 206 3390 Ohriati
227 3327 267 3392 dc
289 3329 357 3394 onis
379 3329 529 3396 crucibus
550 3328 651 3395 misit.
695 3327 844 3415 idemqne
871 3327 976 3396 fllium
998 3341 1129 3394 mnmt

2 3419 69 3463 ἀι·
82 3405 254 3476 &erarem
282 3413 377 3498 legit:
405 3436 480 3482 cnm
509 3437 573 3501 qno
603 3415 700 3482 simul
728 3417 885 3484 continuo
916 3411 958 3481 lin
986 3411 1094 3480 medio

82 3490 294 3565 barbarorum
316 3500 390 3569 sinu
411 3501 603 3570 interiectus
625 3507 685 3570 est

878 3605 933 3664 1¹1⁸
