2820 3778
346 67 543 122 anvuusvu
560 65 726 122 recusos
744 68 801 122 1111
820 71 934 124 ιο-ιι.
1080 65 1144 134 119

130 215 201 278 tum
234 209 333 277 etism
370 214 500 278 tantum
533 231 633 297 opum
663 229 730 276 uno
762 211 965 298 consumpsit
995 211 1144 278 incendio

56 310 68 336 ⁸
130 302 286 385 quantum
306 298 463 386 plurimae
482 301 516 365 et
531 297 723 402 peregrinae
740 298 896 365 uictoriae
914 298 1060 366 conterre
1077 320 1144 366 non

130 391 275 473 possent.
310 385 428 455 debinc
448 408 521 454 cum
540 408 651 454 omma
673 385 709 452 in
730 385 867 454 circuitu
890 387 954 454 lori
976 387 1180 474 popularet

39 506 63 549 ι
76 499 118 542 ιιι
131 479 199 560 tur,
231 473 351 542 'aedem
373 473 495 544 Vestae
522 474 680 561 corripuit
712 477 746 542 et
776 496 817 541 ue
845 475 908 542 sibi
936 475 1067 562 quidem
1094 475 1144 543 dis

102 563 398 631 ssubueuieutibus
424 563 534 651 ignem
561 562 669 649 illum,
696 563 753 648 qui
782 567 931 630 aeternus
959 564 1145 649 putabatur,

128 652 344 739 temporarius
362 651 448 740 ignis
467 650 643 740 oppressit3
664 651 749 719 unde
769 651 867 720 etiam
884 651 1045 738 Metellus,
1067 652 1146 719 dum

129 763 261 810 mauros
284 741 363 810 deos
380 741 487 829 eripit,
509 740 565 809 uix
582 739 735 810 bracchio
754 740 987 810 semiustilatum
1006 739 1144 829 aufugit.

196 831 232 898 T.
252 829 328 898 Sem
350 831 443 898 ronio
463 829 609 899 Graccho
632 828 669 898 0.
682 828 815 897 Valerio
838 829 981 898 Folcoue
1002 830 1143 898 consuli·
1164 838 1200 888 1⁰

128 918 190 987 bus
221 940 297 987 cum
327 853 465 988 Talisois
496 919 658 987 bellauers
690 917 845 1005 Romani,
881 941 984 1007 eoque
1020 919 1144 1007 proelio

90 1035 117 1078 ιι
130 1009 314 1098 quindecim
343 1009 437 1078 milia
464 1007 668 1078 Faliscorum
697 1008 870 1077 interiecta
898 1012 985 1077 sunt.
1031 1008 1145 1078 eodem
1159 1009 1210 1068 ¹8¹·

128 1121 216 1169 snno
239 1098 327 1168 Gelli
350 1098 511 1188 Cisalpini
532 1099 611 1169 noui
633 1099 785 1168 exstitere
807 1098 928 1168 hostes.
972 1099 1147 1168 aduersum

128 1209 212 1340 pluos
234 1189 327 1256 uaris
350 1194 438 1257 sorte
455 1189 613 1257 bellatum
632 1193 696 1271 est3
719 1211 796 1256 nam
813 1188 849 1254 in
867 1188 973 1274 primo
992 1187 1147 1257 conflictu

161 1275 263 1343 alerio
286 1277 419 1342 consule
441 1277 507 1343 tria
529 1276 621 1342 milia
644 1275 814 1362 quingenti
837 1275 980 1343 cecidere
997 1275 1147 1362 Romam,

129 1363 269 1430 secundo
288 1364 547 1450 quattuordecim
566 1363 659 1450 milia
671 1363 840 1431 Gallomm
854 1385 957 1451 caess,
976 1363 1147 1432 duomilia

89 1477 116 1521 ιι
129 1457 227 1541 capta
249 1458 334 1539 sunt,
356 1453 413 1521 secl
436 1453 479 1520 ob
501 1452 643 1540 priorem
666 1451 791 1520 cladem
813 1452 997 1539 triumphus
1020 1452 1146 1521 consuli

129 1541 308 1624 denegatus
330 1546 389 1609 est.

197 1628 234 1694 T.
256 1626 381 1694 Manlio
404 1627 574 1714 Torquato
597 1626 634 1696 0.
657 1628 760 1696 Atilio
783 1627 931 1695 Bubulco
955 1627 1181 1696 consulibus!

130 1713 280 1782 Sardinia
296 1716 405 1782 insula
421 1715 596 1784 rebellsuit
608 1717 795 1784 auctoribus
808 1714 936 1783 Poenis.
967 1716 1052 1784 unde
1069 1737 1147 1784 mox

130 1801 223 1872 Sardi
263 1804 392 1872 subacti
428 1807 463 1872 et
502 1805 651 1892 oppressi
687 1809 777 1890 sunt3
820 1801 1146 1892 Carthaginiensibus

90 1917 118 1960 ιι
132 1898 243 1960 sutem
265 1893 480 1961 uiolatoribus
502 1893 602 1980 pacis,
625 1915 724 1982 quom
746 1894 810 1980 ipsi
833 1892 1072 1982 poposcissent,
1097 1893 1147 1961 in·

128 1981 208 2048 ferri
229 1981 353 2050 bellum
375 1981 540 2049 decretum
559 1985 617 2049 est
654 1986 767 2049 contre
784 1980 1072 2069 carthaginienses
1090 1987 1182 2070 pls-⁸
1319 1971 1325 2082 i
1354 2042 1363 2054 ,.

129 2091 200 2136 cem
222 2069 411 2157 suppliciter
432 2074 652 2156 poposcerunt
673 2073 709 2137 et
731 2091 804 2136 cum
826 2070 879 2138 bis
901 2065 1010 2138 missis
1027 2069 1146 2160 legatis

128 2156 212 2225 nihil
238 2158 464 2246 proiecissent,
494 2162 571 2245 post
598 2157 697 2226 etiam
723 2158 836 2226 decem
861 2159 1063 2246 principibus
1095 2159 1147 2228 bis

130 2268 231 2335 seque
254 2247 514 2334 supplicantibus
535 2269 596 2315 nee
618 2249 839 2334 impetrarent,
861 2246 1039 2316 nouissime
1057 2247 1147 2316 Han·

40 2370 63 2413 μ
76 2335 237 2422 sunonis,
260 2335 386 2402 minimi
408 2334 553 2403 hominis
576 2336 662 2403 iuter
684 2334 830 2422 legatos,
852 2335 999 2404 oratioue
1021 2358 1147 2404 merue-

89 2451 117 2493 ιι
130 2428 214 2491 runt
259 2423 323 2492 boc
349 2445 434 2492 anno
462 2429 559 2511 ports
584 2423 657 2491 lani
684 2423 814 2492 Gemini
842 2425 955 2492 clauso
981 2429 1043 2512 est,
1070 2425 1183 2514 quise
1323 2411 1327 2537 ἶ

128 2514 432 2691 {tertull
447 2513 810 2692 subtiliari
836 2514 922 2602 ‘¹⁰⁰⁶
949 2514 1010 2582 '¹¹¹'
1037 2512 1147 2583 ΝΜ·

194 2691 261 2759 Hic
283 2692 412 2761 demum
429 2693 525 2761 nobis
542 2692 714 2760 tacendum
732 2694 784 2759 est
801 2695 835 2759 et
851 2695 1009 2779 tempora,
1028 2693 1146 2778 quibus
1164 2700 1182 2754 ι
1324 2674 1328 2791 ξ
1365 2733 1370 2759 ι
1392 2651 1393 2688 ³

89 2806 117 2849 ιι
129 2779 271 2846 conferri
287 2785 402 2847 nostra
421 2779 513 2847 nullo
532 2779 630 2846 modo
648 2783 798 2864 possunt,
817 2778 947 2860 silentio
964 2780 1146 2847 transmitti

129 2867 272 2954 expedit,
298 2888 340 2933 ue
363 2868 599 2934 obtrectatores
622 2866 746 2934 dierum
768 2866 858 2934 uitae
880 2869 958 2934 suso
981 2867 1022 2934 acl
1044 2867 1145 2935 msul-

128 2954 263 3022 tsncluui
281 2955 390 3042 potius
405 2955 469 3023 sibi
482 2953 546 3024 hoc
558 2955 698 3042 strepitu
711 2955 912 3024 suscitemus
944 2975 1017 3024 ecce
1030 2958 1181 3042 portast
1324 2991 1328 3032 ;
1367 3020 1370 3029 .

128 3042 201 3110 Iani
231 3044 361 3112 clausae
391 3043 536 3130 inerunt,
564 3043 644 3111 loris
673 3043 797 3111 bellum
827 3042 1049 3112 Romanorum
1077 3065 1145 3112 non

127 3131 201 3216 fuit,
219 3151 351 3198 omnem
369 3131 518 3198 subolem
531 3153 626 3198 susm
638 3131 674 3198 in
692 3132 817 3218 gmmio
836 3152 895 3198 suo
917 3131 1144 3218 conquiescen-

88 3222 196 3288 sstsm
215 3217 322 3286 Roma
345 3218 514 3285 continens
536 3239 605 3286 uon
627 3218 816 3305 suspirsuit
852 3223 886 3285 et
907 3216 970 3285 hoo
991 3217 1180 3306 quantula
1325 3247 1346 3320 ἐι
1367 3184 1373 3219 ³

128 3308 205 3391 post
217 3306 358 3391 primum
371 3305 531 3372 Punicum
543 3305 678 3373 bellum·
696 3309 772 3392 post
788 3308 945 3393 quantum
960 3305 1142 3392 temporis?

128 3397 322 3476 postsnnos
337 3408 486 3480 cccoxn3
504 3357 682 3482 quamdiui
700 3415 787 3462 anno
800 3415 882 3478 uno;
901 3393 1026 3481 etquid
1039 3396 1143 3463 altero
1201 3424 1204 3434 ·
1392 3453 1393 3462 ,
