2714 3788
255 83 451 139 mvsasvu
468 83 634 138 Pdell'OS
651 85 704 138 vn
723 87 836 142 ro-rc.
988 83 1055 152 253

44 223 806 402 lnltlldlzlffllellttrl
829 229 1055 385 ttulit:

44 403 222 472 innocentis
244 401 460 470 confessionis
482 403 604 487 nemini
622 408 762 470 mortem
779 425 914 492 grauem
933 426 972 472 ac
988 404 1053 472 lor

44 490 235 559 midulosam
254 489 366 576 uideri,
383 491 550 576 rescriptis
567 491 642 559 ilico
659 492 836 559 leuioribus
857 493 1054 579 temperauit

18 581 192 646 redictum.
235 581 459 645 cerumtamen
486 578 638 646 continuo
663 578 786 646 Romae
808 601 907 647 aurea
929 578 1088 662 domus,⁴

44 667 206 735 aNcrone
224 666 303 733 totis
321 665 461 753 priuatis
479 666 682 752 publicisque
701 667 798 734 rebus
816 667 959 754 inpensis
977 689 1051 734 con·

43 757 125 842 dita,
145 754 314 842 repentino
338 755 553 842 oondsgrauit
573 754 732 841 incendio,
753 758 792 822 ct
811 755 1054 842 intellegeretur

43 847 142 913 missa
169 843 268 912 ctiam
299 843 340 912 ab
370 843 435 911 alio
467 843 649 930 persecutio
681 845 717 911 in
748 843 851 931 ipsius
881 844 1054 931 potissime

43 932 274 1019 monumentis,
302 956 324 1001 s
353 955 418 1020 quc
447 933 590 1021 primum
619 937 731 1002 morta
760 938 860 1018 esset,
892 939 987 1021 atque
1019 935 1053 1000 in

7 1042 31 1084 ιο
43 1025 113 1112 ipso
131 1029 262 1091 auctore
280 1023 397 1111 puniri.
429 1029 537 1090 terrae
554 1028 646 1090 motu
664 1027 819 1111 quattuor
836 1023 933 1092 urbes
953 1023 1051 1090 Asiae
1069 1042 1088 1093 e
1109 1095 1112 1102 k

44 1113 231 1197 subuersae,
256 1110 361 1178 Elaea
387 1111 518 1198 Myrina
544 1110 660 1179 Pitane
690 1109 807 1197 Cyme,
836 1116 870 1179 et
898 1108 1053 1179 Graeciae

43 1201 191 1269 ciuitates
215 1199 307 1287 duee,
328 1197 546 1286 Opuntiorum
563 1203 598 1267 et
614 1199 794 1286 Oritorum3
816 1204 884 1267 tres
903 1198 1053 1267 Galatiae

42 1289 190 1356 ciuitates
208 1288 322 1357 eodem
340 1293 445 1355 terrae
464 1294 555 1356 motu
573 1287 712 1375 dirutae3
730 1287 911 1356 Pantheum
929 1287 1053 1356 Romae

43 1377 178 1443 fulmine
191 1379 446 1461 concrematum
463 1378 570 1442 terrae
589 1379 697 1442 motus
711 1376 747 1442 in
759 1375 936 1442 Antiochia
949 1396 1052 1463 paene

7 1482 31 1524 1⁵
43 1469 146 1532 totam
155 1465 284 1532 subruit
295 1465 470 1531 ciuitatem.
493 1463 675 1532 incredibili
686 1463 801 1531 deinde
812 1470 904 1532 motu
916 1464 978 1531 sub
988 1486 1053 1531 uno
1070 1483 1089 1535 s

43 1559 187 1642 tempore
210 1552 321 1621 Iudaei
347 1554 440 1641 quasi
468 1553 558 1620 rabie
585 1553 711 1620 efferati
738 1574 797 1640 per
822 1552 968 1621 diuersas
990 1557 1053 1620 ter·

43 1664 150 1709 rarum
177 1645 288 1728 partes
312 1645 510 1708 exarserunt
554 1662 629 1708 uam
653 1645 688 1707 et
709 1663 766 1726 per
788 1647 892 1708 telem
915 1641 1054 1728 Libyam

44 1731 196 1798 aduersus
214 1729 337 1797 incolas
351 1729 555 1797 atrocissima
568 1728 655 1796 bella
668 1733 855 1814 gesserunt:
874 1751 958 1816 quse
973 1729 1053 1796 adeo

11 1848 20 1867 2
44 1823 120 1885 tnnc
137 1818 318 1886 interfectis
336 1817 514 1885 cultoribus
532 1816 690 1884 dclsolata
707 1821 767 1902 est,
788 1821 836 1902 at,
856 1817 922 1884 nisi
939 1822 1054 1903 postes

7 1903 227 1973 »Hadrianus
254 1907 432 1994 imperator
457 1904 612 1973 collectas
640 1904 718 1972 illuc
748 1904 876 1972 aliunde
906 1905 1053 1973 colonias

44 1993 234 2080 deduxisset,
251 2015 354 2060 uacua
371 1994 501 2082 penitus
519 1997 608 2059 terra
626 1992 742 2060 abraso
761 1992 946 2060 habitatore
963 2015 1053 2060 man·

44 2081 146 2150 auset
172 2081 221 2149 Ac
267 2085 360 2168 ptum
378 2104 456 2150 uero
473 2084 580 2148 totam
594 2085 628 2149 et
642 2078 793 2165 Cyrenen
806 2084 841 2146 et
852 2079 1051 2148 Thebaidem
1070 2099 1088 2152 'l

44 2170 182 2238 cruentis
201 2193 217 2236 s
259 2170 413 2239 itionibus
432 2169 654 2236 turbauerunt
685 2169 721 2235 in
735 2168 931 2236 Alexandria
944 2175 1053 2236 summ

44 2259 214 2327 commisso
241 2259 367 2346 proelio
389 2258 468 2326 uicti
491 2263 525 2326 et
546 2256 660 2326 adtriti
682 2262 769 2325 sunt
813 2257 849 2324 in
870 2255 1053 2344 Mesopota·

7 2363 32 2405 a
44 2371 110 2504 {mg
130 2369 258 2506 qnoqtue
275 2346 1053 2526 iiiilffiirliaimiimpmmeiiimeiii'

56 2459 458 2505 ameernem
560 2457 850 2504 mrrasommu
1035 2456 1052 2501 e

43 2525 146 2595 deleta
167 2531 254 2596 sunt
290 2549 369 2595 eane
391 2524 591 2596 Salaminam
613 2525 728 2593 urbem
751 2523 850 2614 Cypri
872 2524 1088 2594 iuterfectiss

44 2617 191 2686 omnibns
214 2617 334 2685 accolis
357 2616 554 2685 deleuernnt
598 2615 774 2704 Troicum,
794 2619 833 2684 ut
854 2615 986 2702 quidum
1006 2615 1053 2684 fe·

43 2711 126 2792 runt
148 2708 234 2794 apud
253 2704 433 2775 Seleuciam
449 2705 595 2774 isanriae
612 2705 726 2773 urbem
748 2705 910 2793 profluuio
928 2705 1053 2772 uentris
1102 2779 1105 2785 ,

6 2807 31 2851 ⁸0
43 2795 202 2863 extinctae
223 2798 284 2863 est

107 2883 203 2953 Anno
225 2885 267 2952 ab
289 2885 370 2954 urbe
391 2883 523 2952 condita
544 2897 735 2952 ncccnxvrr
757 2879 954 2968 Hadrianus,
977 2893 1107 2953 oon-1⁸

43 2973 192 3042 sobrinae
213 2973 347 3044 Troiani
368 2973 472 3060 lilius,
494 2971 701 3040 duodecimae
724 2970 766 3038 ab
789 2970 941 3059 Angusto
964 2970 1053 3059 prin·

42 3061 181 3148 cipetum
205 3064 351 3154 adeptus,
373 3085 439 3132 nnc
462 3068 496 3131 ct
516 3061 636 3152 uiginti
658 3059 755 3129 annis
776 3059 960 3148 imperauit
999 3059 1088 3132 hicn

42 3170 99 3233 per
120 3152 319 3231 Quadratum
346 3152 540 3240 discipulum
570 3151 796 3254 apostolorum
818 3154 853 3216 et
874 3149 1053 3216 Aristidem

6 3237 288 3326 “Atheniensem
313 3241 420 3307 uirum
443 3239 505 3306 lide
528 3237 750 3324 sapientiaque
795 3236 919 3322 lenum,
941 3241 974 3303 et
995 3255 1054 3322 per

43 3317 196 3390 Serenum
225 3324 556 3412 Granium'legatnm
584 3324 677 3391 libris
703 3324 742 3391 de
834 3323 841 3340 '
878 3324 886 3340 '
978 3322 1054 3390 rali-

44 3407 137 3490 gioue
164 3412 342 3494 conpositis
368 3413 548 3481 instructus
575 3415 674 3498 atque
700 3409 860 3498 eruditus,
887 3410 1054 3498 praecepit
