2744 3800
322 107 518 163 mvnesvu
535 106 700 162 reflexos
718 107 771 162 vu
788 111 815 165 ἱ.
833 111 859 162 ⁸.
1018 103 1082 173 237

74 274 151 341 rege
169 252 278 320 iucrst
294 251 519 337 repromissus
550 255 647 318 notus
661 252 712 318 cst
725 254 836 319 entem
850 269 915 318 vm
927 251 1084 319 kulendus
1103 261 1139 315 ts
1284 333 1287 341 ¹
1369 279 1370 332 ι

75 341 252 426 imnerico,
270 339 499 427 cumprimum
517 338 716 406 incremento
733 339 843 408 omnis
860 339 938 406 enni
954 340 1085 408 uenien-

75 433 118 498 tis
141 427 308 516 incipiunt
352 429 399 496 ite
421 428 544 496 tectum
566 431 630 514 est,
652 431 702 513 ut,
725 448 798 498 oum
821 428 989 497 Abrshsm
1010 449 1086 515 que·

76 519 281 624 drsgsnsimo
299 517 397 585 tertio
416 539 502 585 unuo
523 521 619 584 notus
642 517 694 602 sit,
717 517 778 585 sub
796 517 860 586 dne
882 518 1084 606 quadrupen-

49 611 151 677 ssimr
174 607 306 676 secundi
328 605 484 674 nstiuitss
507 604 629 674 Christi
651 606 850 692 conueniret,
872 613 910 674 ut
931 610 997 674 ism
1019 627 1086 675 non

76 700 145 785 ipse
174 696 209 764 in
237 700 330 783 perte
359 695 448 764 tertii
477 695 554 762 suni
583 694 640 762 sed
669 695 802 783 inipso
831 697 941 782 potins
969 696 1086 764 tertius

77 807 181 854 sunus
199 788 354 854 oreretur.
390 784 444 872 qui
463 805 568 852 eunus
586 785 727 871 quentis
745 807 842 870 quum
860 784 1141 871 nouisqusm·1e
1285 799 1289 810 ’

77 896 139 962 que
161 873 328 940 inusitatis
349 873 447 940 bonis
469 871 807 976 obnudeucrit,·sutis
829 873 926 940 etium
950 893 1002 939 me
1023 893 1087 940 coss

39 960 260 1115 „reiut
274 959 809 1132 resumetur
829 964 1087 1114 ussus

76 1135 248 1220 bellorum,
270 1135 397 1202 olsusee
420 1133 491 1202 Iuni
513 1133 635 1221 gemini
659 1137 772 1219 portae
794 1133 965 1220 extirpatis
986 1134 1086 1200 bello·

76 1245 148 1290 rum
170 1223 334 1289 radicibus
356 1243 422 1288 non
444 1222 600 1308 repressis
619 1241 734 1288 census
752 1220 808 1288 ille
826 1221 949 1308 primus
968 1226 1002 1288 et
1020 1243 1088 1288 mu-

76 1311 195 1395 ximus,
223 1331 297 1376 cum
327 1311 360 1374 iu
389 1310 452 1377 hoo
480 1330 582 1376 unum
611 1306 760 1376 Gesseris
788 1331 907 1376 nomeu
936 1309 1089 1376 uniuerso

77 1418 271 1486 magnarum
290 1397 437 1484 gentium
455 1400 604 1464 oresturs
621 1395 744 1464 iursuit
756 1395 916 1483 simulque
929 1418 988 1484 per
1001 1417 1088 1464 eom·

39 1505 64 1549 ns
78 1487 263 1554 munionem
286 1507 401 1553 census
424 1486 521 1554 unius
544 1485 710 1553 societatis
733 1485 847 1553 effectu
870 1489 930 1553 est.

1 1593 64 1635 ιιιι
150 1573 261 1659 *Igitur
292 1595 378 1641 enno
410 1575 453 1640 ob
484 1574 563 1640 urbe
600 1573 731 1640 condite
760 1590 881 1641 nocuus
912 1577 1007 1641 nutus
1038 1577 1122 1640 ests

79 1658 228 1726 Christus
251 1662 425 1728 seluterern
448 1660 570 1727 mundo
594 1659 745 1727 odierens
768 1655 874 1745 flderir,
898 1681 975 1726 uere
996 1663 1090 1746 petru

77 1747 183 1816 medio
201 1769 309 1815 rerum
327 1749 444 1836 positu,
467 1747 522 1816 ubi
542 1747 814 1815 comminueretur
832 1747 888 1835 qui
905 1747 1089 1832 offenderet,

78 1837 133 1922 qui
155 1837 300 1904 crederet
322 1837 518 1919 solueretur3
544 1857 620 1902 uere
641 1837 729 1922 iguis
750 1835 883 1920 urdene,
910 1857 1006 1922 quem
1031 1834 1088 1921 qui

40 1926 226 2080 ”titii
249 1923 1126 2098 uirurrrri.ur⁹uruuren⁰r¹

78 2101 183 2168 lorum
200 2064 343 2189 pdnitor,
360 2102 454 2169 iudex
474 2035 629 2186 omuidin,
647 2101 702 2189 qni
715 2100 855 2170 formem
869 2099 1089 2194 subsecuturis

78 2191 177 2257 uerbo
201 2193 235 2256 et
256 2213 352 2278 opere
376 2195 535 2274 statuens,
564 2212 628 2277 quo
651 2189 757 2278 magis
780 2189 909 2258 doceret
930 2190 1089 2275 potientes

79 2277 113 2343 in
135 2279 426 2365 persecutionibus,
452 2301 534 2366 ques
561 2299 621 2363 pro
647 2279 719 2344 uite
741 2283 874 2346 seterns
895 2278 1090 2364 exciperent,

40 2384 149 2433 ssesse
178 2371 342 2453 oportere,
370 2389 445 2434 mox
476 2371 514 2434 ut
542 2365 680 2454 uirginis
709 2370 806 2452 portu
836 2365 941 2434 editus
969 2363 1089 2434 mundo

80 2454 655 2612 iiiiiiizdnpffiii‘fiimuii
662 2455 1091 2629 dimidii&

80 2628 224 2698 decreuit
249 2567 580 2787 pluridosffi⁵idno
608 2632 777 2718 paruulos,
806 2567 883 2697 dudi
913 2653 1012 2698 unum
1041 2632 1091 2698 in·

81 2720 230 2805 sectetur,
252 2720 380 2789 occidit
446 2721 453 2736 '
479 2741 497 2787 c
518 2717 671 2808 malignis
693 2717 831 2806 inprobe
853 2717 1126 2786 incurrentibus·

41 2804 182 2892 sedigno
202 2808 331 2895 punitio
354 2813 418 2894 est3
441 2807 526 2896 hino,
548 2808 583 2874 in
606 2812 762 2894 quantum
785 2807 960 2893 tranquille
982 2808 1092 2894 egitur

81 2893 230 2976 mundus,
252 2897 450 2964 credentium
468 2897 585 2984 gretie,
606 2895 641 2961 in
662 2902 820 2981 quantum
842 2894 1022 2982 perniciose
1044 2895 1092 2961 in·

80 2979 252 3135 gustetur,
270 2983 568 3071 blesphemantium
581 3003 686 3069 poene
698 2986 758 3069 est,
775 2982 897 3051 securis
910 3004 969 3070 per
981 2983 1093 3051 omnis

41 3091 44 3098 ·
104 3069 229 3140 delibus
249 3069 456 3157 Christianis,
478 3071 596 3159 quibus
618 3074 678 3139 sut
692 3074 843 3138 eeteruoe
860 3071 947 3138 uites
964 3069 1092 3159 requies

80 3157 116 3225 in
138 3162 211 3228 tuto
234 3166 292 3229 sut
313 3161 413 3229 etium
435 3160 531 3229 huius
551 3160 586 3228 in
604 3159 694 3229 lucro
712 3164 772 3228 est
807 3159 894 3246 quod
910 3157 1091 3248 promptius

42 3256 69 3302 ὓ
82 3267 155 3313 oum
172 3269 232 3333 per
249 3251 396 3318 ordinem
414 3249 551 3316 reserem
583 3248 666 3336 ipsis
683 3249 780 3316 rebus
798 3248 975 3316 osoeudem.
999 3249 1090 3336 post·
1108 3257 1128 3310 s

82 3354 179 3433 quem
196 3336 382 3424 redemptor
399 3337 519 3423 mnudi,
536 3299 695 3406 dominns
713 3335 805 3404 Iesus
823 3334 981 3424 Christus,
1002 3335 1093 3404 uenit

81 3439 116 3484 ιιι
137 3423 242 3489 terres
264 3428 298 3491 et
319 3421 467 3493 Ooeseris
495 3446 595 3493 censu
616 3424 699 3492 ciuis
721 3423 888 3493 Romsnus
910 3425 1092 3514 sdscriptus
