2750 3800
312 113 510 168 euveum
527 113 692 168 PAGANOS
710 114 750 167 Vl
769 116 883 169 lt-lt.
1037 117 1103 178 tlt

1 277 76 333 ‚sss
96 257 222 327 eitamtl
260 260 295 325 et
321 260 433 324 tamen
458 256 575 324 horum
604 254 755 325 ¹omnium
784 256 946 324 malorum
974 256 1139 326 initinms

92 347 242 436 superbia
272 350 335 414 est:
362 343 437 414 inde
464 347 656 414 exarserunt
680 346 769 414 bella
794 347 916 433 ciuilia,
943 347 1017 414 iude
1044 347 1104 415 ite-

90 460 163 505 rum
186 435 396 524 pullularunt
437 457 504 503 non
527 456 604 523 ergo
627 436 750 503 iniusta
772 435 886 503 caedes
908 441 960 504 est
982 457 1104 522 eorum,

91 528 146 614 qui
168 548 241 594 eam
264 525 383 592 iniuste
406 529 643 610 consectentur,
665 525 693 593 si
717 525 906 593 ambitionis
929 525 1103 594 aemulatio

64 633 149 703 sper
169 615 259 702 ipsos
283 619 382 702 atque
403 613 439 680 iu
465 613 545 700 ipsis
573 619 606 680 et
632 615 741 701 agitur
768 619 802 681 et
827 615 975 700 punitur,
1003 615 1104 682 donee

91 703 147 791 qni
175 703 395 770 detrectanere
421 701 607 806 eollegium,
634 703 762 770 discant
783 703 867 769 ferre
894 701 1105 786 dominatum,

93 812 197 859 summ
240 813 281 858 ue
303 789 430 878 imperii
454 795 556 857 totius
575 790 618 858 sd
634 812 734 858 uuum
751 792 883 857 redaota
900 791 998 877 longe
1016 789 1102 858 aliud
1197 865 1203 878 ι
1284 788 1285 796 ’

92 902 205 948 omnes
257 880 382 946 omines
404 878 536 946 uiuendi
559 899 661 966 genus
686 879 832 964 subeant,
853 883 891 944 ut
913 901 1024 946 omues
1047 879 1105 945 hu·

92 969 212 1036 militer
234 969 360 1054 plaeere
378 966 538 1049 studeant,
560 988 625 1034 non
644 968 823 1035 insolenter
840 966 1010 1034 offendere.
1045 967 1102 1033 sed
1123 981 1157 1032 ro

53 1075 79 1117 ιο
92 1059 131 1125 sd
155 1063 222 1125 tarn
247 1057 411 1124 salubrem
429 1056 625 1123 humilitatis
645 1055 825 1124 doctrinam
844 1055 1003 1142 magistro
1022 1077 1104 1142 opus

92 1149 149 1212 est
193 1147 303 1230 itaque
331 1149 513 1230 opportune
540 1144 719 1228 conpositis
742 1146 838 1209 rebus
862 1145 1003 1228 Augusti
1026 1140 1104 1209 (lae-

92 1233 174 1298 seris
196 1236 295 1298 natus
318 1236 370 1297 est
392 1229 550 1297 Dominus
575 1229 740 1316 Christus,
768 1231 823 1318 qui
845 1253 918 1297 oum
940 1231 975 1296 in
997 1230 1104 1298 forma

91 1318 152 1385 Dei
174 1323 269 1401 esset,
290 1319 430 1384 formam
454 1319 540 1384 serui
562 1318 728 1384 humiliter
750 1319 944 1404 adsumpsit,
966 1324 1005 1385 at
1025 1321 1104 1384 tuno

91 1406 219 1470 demum
237 1405 344 1489 aptior
361 1407 454 1470 lieret
471 1405 667 1471 humilitatis
690 1407 862 1484 institutio,
885 1405 1014 1492 quando
1037 1405 1104 1471 iarn

52 1507 78 1550 ω
91 1512 149 1577 per
177 1496 283 1645 toltum
315 1491 468 1558 mundum
498 1512 604 1577 poena
634 1492 803 1577 superbiae
835 1491 987 1558 omnibus
1019 1497 1106 1558 esset

90 1601 204 1665 exemp
219 1601 248 1646 o.

156 1668 254 1734 Auno
277 1667 319 1734 ab
343 1668 421 1733 urbe
444 1666 576 1733 condita
598 1683 694 1734 nccx
721 1665 893 1733 interiecto
916 1665 999 1734 lulio
1022 1664 1159 1733 (lae-10
1297 1654 1300 1659 ¹

91 1776 163 1820 sare
181 1753 390 1840 Octauianus,
413 1753 468 1840 qui
491 1759 686 1821 testamento
705 1752 769 1820 Iuli
788 1753 935 1820 Caesaris
954 1754 1106 1821 auunouli

6 1859 80 1910 sm
95 1847 128 1908 et
153 1842 365 1908 hereditatem
394 1839 435 1908 let
461 1862 580 1908 nomeu
607 1842 836 1928 adsumpserat
861 1841 1023 1927 idemque,
1049 1841 1105 1926 qui

52 1947 79 1988 ω
92 1935 204 2014 postea
231 1950 338 1995 rerum
366 1929 490 2016 potitus
517 1930 686 2015 Augustus
714 1934 767 1995 est
793 1929 898 1996 dietus
905 1978 913 2011 ,
943 1928 1039 1995 simul
1067 1933 1106 1996 ut

91 2017 229 2086 Romam
261 2018 450 2085 adulescens
484 2017 659 2085 admodum
690 2018 796 2099 uenit,
832 2017 975 2085 indolem
1011 2038 1104 2083 suam

91 2106 186 2174 bellis
212 2106 362 2174 ciuilibus
389 2107 490 2174 uouit
534 2128 625 2190 nem,
652 2112 689 2173 ut
714 2106 857 2173 breuiter
884 2104 1139 2175 coaceruatim!

91 2215 165 2264 nem
193 2196 352 2265 malorum
380 2195 552 2282 explicem,
580 2195 667 2263 bella
689 2195 799 2263 ciuilia
843 2195 964 2282 uinque
986 2193 1104 2282 gessit:

91 2285 275 2352 Mutinense
302 2285 510 2373 Philippense
539 2285 732 2353 Perusinum
756 2217 900 2353 Siorilum
923 2283 1104 2352 Antinoum.

51 2390 109 2440 see
132 2373 248 2462 quibus
271 2374 345 2461 duo,
367 2376 429 2442 hoo
452 2379 503 2441 est
524 2374 665 2461 primum
684 2397 722 2442 aa
744 2375 968 2459 nouissimum,
991 2373 1103 2440 aduer-

92 2486 146 2532 sus
168 2463 213 2532 M.
230 2465 421 2549 Antonium,
444 2465 618 2532 seeundum
641 2463 795 2532 aduersus
813 2463 952 2532 Brutum
974 2466 1008 2531 et
1026 2461 1104 2531 Gas-

5 2581 27 2621 a·
38 2569 79 2612 Μ
92 2553 336 2710 ἓίιιω,Ρῐοήίιιῃι
351 2556 506 2711 αᾱιὸοηιιε
519 2554 554 2621 L.
563 2553 753 2710 Aptguinnr,
772 2551 932 2659 quartum
947 2553 1102 2658 aduersus

91 2664 386 2799 :intlltltz
413 2644 1138 2818 ,titillo'llslttltptltllt⁸

51 2832 168 2887 wuam
191 2819 357 2906 obsidione
380 2819 589 2887 concluserat
625 2820 773 2886 eonsules
791 2818 919 2885 Hirtius
943 2824 978 2885 et
997 2816 1104 2885 Pansa

91 2913 125 2974 et
146 2929 220 2976 oum
241 2907 294 2976 his
317 2906 437 2977 Caesar
458 2909 499 2977 ad
526 2908 730 2977 liberandum
752 2907 890 2976 Brutum
918 2927 1104 2995 expugnen-

91 2995 230 3085 tlumque
258 2999 437 3066 Antonium
466 2997 567 3065 missi.
611 2998 720 3065 Pansa
748 2997 855 3083 primo
884 2997 1020 3063 ueniens
1049 3017 1140 3067 ex·s

90 3090 204 3169 eaptus
226 3085 366 3168 insidiis,
393 3087 478 3152 iuter
505 3106 637 3152 suorum
659 3085 768 3173 plades
791 3085 860 3170 ipse
883 3105 1011 3170 quoque
1034 3084 1103 3170 pilo

90 3171 234 3256 gramter
254 3172 445 3240 uulneratus
467 3173 509 3240 ab
532 3171 646 3239 eodem
663 3173 798 3239 uulnere
815 3171 1019 3257 interpositis
1038 3169 1103 3236 die·

50 3257 152 3326 “bns
184 3262 235 3327 est
265 3264 422 3328 mortuus.
471 3259 597 3328 Hirtius
629 3259 785 3328 auxilinm
817 3259 961 3346 collegae
992 3258 1099 3326 lerens

89 3365 226 3432 magnas
249 3347 387 3416 Antonii
413 3349 524 3437 copias
552 3354 648 3416 uasta
674 3354 784 3436 strage
807 3348 935 3415 deleuit
980 3343 1102 3414 Caesar

91 3437 224 3501 eatenus
247 3440 355 3504 casua
377 3437 539 3504 custodiit
579 3437 722 3506 seeunde
744 3436 899 3504 aduersus
921 3433 1139 3507 Antoniumt
