2820 3778
329 96 906 154 mvmsvnrscsrosnrrre.1e.
1028 90 1030 94 ’
1061 96 1123 164 131

36 182 37 186 ¹
111 237 222 305 Africa
245 237 418 326 adgressus
439 239 577 307 hiberna
599 238 781 308 Poenorum
804 245 903 328 atque
924 240 991 308 alia
1012 237 1126 308 Numi·

111 326 235 411 darom,
253 348 336 416 quae
348 333 486 415 utraque
503 328 590 395 haud
608 327 723 416 procul
742 329 784 396 ab
799 326 896 397 Vtica
910 332 1012 415 erant,
1029 333 1125 397 nocte

1324 71 1330 149 i

1326 171 1331 196 ι

110 416 268 483 concubia
294 416 373 483 iecit
398 416 535 486 incendi.
579 416 683 484 Poeni
705 417 823 504 trepidi
845 439 920 485 cum
942 439 1021 485 casu
1043 417 1125 486 acci·
1146 419 1179 472 ¹⁹
1216 507 1217 510 Ἴ
1324 426 1330 508 j

111 502 198 570 disse
220 503 331 591 ignem
353 507 519 591 putarent,
545 505 686 572 inermes
710 505 751 571 ad
774 506 1028 592 extinguendum
1051 527 1128 574 oon·

86 596 300 660 ocurreruntr
327 614 426 682 quere
448 592 544 660 facile
566 594 609 661 ab
632 595 768 661 armatis
791 595 940 682 oppressi
963 598 1048 662 sunt
1091 595 1127 660 in

19 709 44 754 c
56 697 98 743 m
112 681 259 770 utrisque
273 679 399 750 calstris
412 681 629 771 quadraginta
641 682 733 751 milia
750 681 922 751 hominum
939 683 1008 772 igni
1026 683 1127 751 terro·

110 793 173 858 quo
195 777 390 859 consumpta
411 777 502 858 sunt,
528 776 625 860 capta
647 773 790 860 quinque
812 773 917 857 milia,
943 773 1040 840 duces
1062 772 1127 860 ipsi
1171 801 1175 808 ’

109 855 342 928 miserabiliter
359 861 503 928 ambusti
520 881 619 948 segre
636 861 829 949 effugerunt
865 860 1051 929 Hasdrubal
1065 861 1126 928 im·
1143 863 1179 918 ¹⁰
1322 852 1328 924 .²

110 951 243 1032 perator
268 945 502 1035 Carthaginem
531 948 690 1036 profugis
719 949 824 1034 ncnit3
855 949 965 1036 itaque
994 946 1126 1036 Syphax

71 1039 147 1106 reat
176 1034 366 1103 Hasdrubal
396 1057 473 1103 mox
508 1037 685 1122 plurimum
720 1057 912 1122 reparaucrc
948 1037 1127 1104 exercitum

109 1128 208 1209 atquc
235 1124 353 1190 iterum
379 1144 454 1190 cum
481 1121 533 1191 Sci
557 1123 632 1190 ione
661 1145 722 1191 con
782 1124 827 1191 ssi
859 1128 951 1209 sunt,
983 1123 1126 1211 uictique

110 1209 272 1298 fugerunt
317 1208 500 1298 Syphacem
530 1147 565 1278 ξι

109 1303 276 1385 oeperunt,
292 1305 400 1366 cetera
413 1298 590 1367 multitudo
604 1295 729 1367 Cirtam
742 1297 900 1386 coniugii,
913 1322 1013 1388 quam
1025 1297 1126 1366 Masi·
1168 1363 1173 1372 .

109 1387 201 1454 nisse
222 1390 446 1474 oppugnatam
463 1387 498 1453 in
517 1385 713 1455 deditionem
730 1388 862 1474 recepit,
884 1385 1066 1474 Syphacem
1085 1388 1126 1455 ad

69 1489 96 1534 ¹⁶
110 1471 294 1561 Scipionem
317 1474 441 1543 catenis
462 1475 608 1542 uinctum
631 1475 777 1562 deduxit3
800 1497 896 1562 quem
920 1475 1029 1562 Scipio
1052 1497 1126 1542 cum

109 1563 443 1720 ffifffiffiffssffi'
475 1563 687 1653 plurimisque
718 1565 859 1652 captiuis
886 1563 1125 1651 perducendam

201 1674 221 1720 o

175 1739 342 1809 Hannibal
369 1739 473 1809 redire
500 1739 536 1807 in
558 1741 705 1809 Africam
726 1741 848 1828 iussus,
869 1745 907 1809 ut
927 1739 1023 1808 fessis
1046 1737 1124 1809 Osr·
1140 1747 1179 1806 la
1325 1702 1330 1772 Ι·
1394 1733 1395 1770 ³

108 1829 371 1918 thaginicnsibus
394 1829 593 1916 subueniret,
613 1829 695 1898 flens
717 1829 852 1917 reliquit
872 1829 1004 1897 Italiam
1022 1829 1125 1897 omni·

68 1920 170 1989 ”bus
198 1918 307 1990 Italici
336 1919 465 2010 genecio
494 1919 656 1988 militibus
679 1919 737 2010 qui
759 1919 851 2010 sequi
873 1918 1002 1988 nollent
1026 1918 1125 1987 intor-

107 2011 212 2082 fectis.
261 2011 313 2082 cui
345 2010 387 2080 ad
418 2009 611 2081 Africanum
643 2010 722 2081 litus
753 2010 986 2102 propinquanti
1015 2009 1124 2080 iussus

109 2102 240 2191 quidam
263 2124 282 2171 e
303 2101 444 2170 nauticis
467 2103 640 2171 ascendere
662 2102 698 2169 in
726 2101 877 2170 arborem
903 2103 998 2169 nauis
1026 2107 1125 2190 atque

107 2190 184 2257 indo
212 2190 396 2276 speculari,
427 2212 526 2278 quam
552 2191 719 2276 regionem
746 2194 887 2276 teneret,
917 2191 1125 2276 sepulchrum

18 2303 41 2346 a
54 2293 95 2338 κ·
108 2278 250 2346 dirutum
274 2299 309 2346 se
330 2279 538 2366 prospexisse
559 2277 621 2347 reis
645 2278 749 2365 ondit3
772 2277 979 2347 abominatus
1002 2277 1125 2346 dictum
1158 2279 1160 2284 '

67 2384 94 2428 ὓ
108 2367 276 2437 Hannibal
298 2365 421 2437 deflexo
444 2389 540 2438 cursu
559 2367 601 2436 ad
663 2368 747 2454 ptim
765 2367 921 2456 oppidum
940 2368 1052 2455 copias
1071 2389 1124 2435 er·

106 2458 226 2544 poenit
261 2457 318 2544 qui
340 2458 495 2525 continuo
517 2458 639 2526 reiecta
660 2457 870 2525 multitudino
887 2455 1159 2545 Carthaginema

107 2546 211 2633 uenit,
242 2544 359 2613 deinde
385 2545 592 2632 conloquium
620 2543 780 2632 Scipionis
806 2544 911 2632 petiit
963 2545 1022 2612 ubi
1049 2567 1123 2613 cum

107 2655 143 2702 se
161 2634 218 2701 diu
236 2633 371 2702 attoniti
388 2634 602 2702 admiratione
619 2638 735 2702 mutua
751 2631 817 2700 duo
835 2632 1008 2701 clarissimi
1026 2633 1123 2701 duces

106 2722 338 2811 suspexissent,
359 2721 482 2790 iniecto
500 2721 591 2810 pacis
608 2721 754 2810 negotio
759 2720 919 2808 proelium
937 2723 1122 2790 consertum

66 2823 95 2870 ⁸⁰
109 2815 172 2879 est:
192 2811 279 2899 quod
291 2811 348 2878 diu
361 2811 493 2899 magnis
506 2812 623 2878 ducum
638 2810 763 2879 artibrm
775 2809 980 2898 dispositum,
993 2809 1121 2898 magnis
1138 2820 1157 2873 ι

106 2902 274 2989 copiarum
292 2899 433 2969 molibus
447 2905 587 3004 gestum,
609 2900 739 2987 magnis
752 2898 894 2967 militum
907 2899 1033 2968 uiribus
1046 2919 1123 2968 con·

106 2996 304 3058 summatum
325 2989 483 3058 Romanrs
505 2989 676 3058 uictoriam
699 2989 848 3058 contulit
883 2989 1053 3078 octoginta
1075 2988 1122 3056 ibi

106 3078 273 3167 elephanti
299 3079 353 3146 nel
380 3078 470 3167 capti
490 3077 545 3146 uel
567 3079 666 3147 occisi
689 3081 780 3164 sant,
802 3075 1123 3166 Carthaginiensium

107 3167 278 3237 interiecta
305 3171 384 3236 sunt
405 3185 456 3236 xx
477 3166 570 3236 milia
596 3165 778 3256 quingenti.
821 3164 987 3235 Hannibal
1010 3165 1122 3234 omnia

65 3271 93 3316 ’ὁ
106 3261 141 3326 et
161 3260 237 3325 ante
258 3257 420 3345 proelium
442 3260 477 3324 et
498 3257 533 3324 in
554 3257 680 3361 proelio
703 3259 869 3343 ammas,
896 3276 971 3323 cum
1063 3255 1120 3340 cis,

105 3345 168 3414 hoc
185 3353 237 3415 est
254 3347 308 3414 uir
325 3349 481 3435 quattuor
499 3345 672 3435 equitibus,
689 3346 777 3414 inter
793 3344 971 3413 tumultum
988 3365 1120 3432 capsus

105 3431 342 3501 Hadrumetum
369 3433 525 3522 confugit
568 3439 687 3522 postea
709 3431 1041 3592 Carthaginenppost
1063 3442 1156 3502 sext

565 1211 708 1298 gientem
797 1212 860 1279 lius
888 1215 922 1279 et
949 1209 1126 1280 Masinissa
1142 1214 1177 1267 tt
1322 1217 1328 1249 :
1394 1207 1395 1250 ἢ
