2744 3800
332 83 527 138 anvnnsvu
544 84 709 139 nnosuos
728 85 780 138 vn
798 89 824 142 s.
842 89 868 140 o.
1038 81 1103 150 249

94 230 129 292 et
141 224 275 292 nefariis
290 223 396 292 modis
413 245 473 312 per
490 224 672 312 complures
690 225 758 293 dies
772 248 792 292 a
806 225 1000 314 Vespasiani
1018 226 1103 294 mili-

9 371 10 374 ,
92 314 179 381 tibus
210 309 382 379 aduersum
416 317 565 380 senatum
596 314 815 401 populumque
841 314 1026 382 Romnum
1053 314 1102 380 in·

93 400 231 468 discrete
253 399 348 467 oaede
372 401 531 467 saeuitum
555 405 614 470 est

157 488 254 555 Anno
272 488 315 555 ab
333 487 413 556 urbe
431 489 563 556 condita
579 505 753 574 nocoxxv,
774 488 867 556 breui
889 489 948 556 illa
970 488 1100 578 quidem
1117 495 1137 552 9

65 577 147 646 seed
161 575 292 644 turbida
304 581 520 664 tyrannorum
537 581 734 666 tempestate
752 577 906 664 discussa,
923 577 1103 666 tranquilla

91 668 151 736 sub
165 665 370 753 Vespasiano
381 666 465 735 duee
479 667 638 734 muenitae
651 667 754 736 rediit
786 687 935 754 namque,
953 670 991 734 ut
1003 668 1098 751 paulo
1117 680 1136 733 a

9 808 19 834 ,
91 757 188 825 altius
206 760 362 843 repetam,
383 753 495 823 Iudaei
512 761 591 843 post
606 755 792 844 passionem
811 753 934 824 Christi
951 755 1101 824 destituti

90 846 124 912 in
147 849 253 914 totum
275 844 383 933 gratia
403 843 466 912 Dei
489 868 562 913 eum
584 845 735 913 omuibus
758 845 901 933 undique
924 845 1021 913 malis
1043 845 1102 912 eir·

90 933 366 1021 eumueninentur,
393 933 587 1021 quibusdam
610 936 646 1002 in
668 932 821 1003 (larmelo
844 939 954 1003 monte
977 933 1101 1002 seducti

52 1025 245 1110 insontibus,
274 1045 358 1128 quae
384 1022 776 1128 portenderentexortos
804 1045 826 1090 a
853 1022 974 1091 Iudaea
1002 1023 1100 1091 duess
1129 1027 1130 1031 ’

89 1111 1099 1288 {ffilttffl‘dttt‘iltttllt'tillido‘

88 1289 178 1356 sidiie
201 1290 345 1376 legetum
367 1310 495 1375 quoque
513 1287 627 1375 Syriae
644 1291 812 1376 suppetias
830 1289 987 1356 terentesn
1005 1293 1098 1374 rapta

9 1411 25 1451 ,.
37 1395 77 1438 ua
89 1377 198 1465 aquila
216 1382 250 1443 et
266 1377 369 1443 eaesis
387 1378 488 1464 eopiis
503 1373 718 1465 ¹fosgouerunt
749 1379 791 1445 ad
804 1378 865 1446 hoe
878 1375 1098 1462 Vespasianus
1116 1381 1135 1433 ⁸

51 1485 109 1533 usa
135 1463 265 1534 Nerone
292 1465 410 1533 missus
437 1465 546 1533 'litum
573 1466 677 1533 lilium
705 1488 800 1534 suum
828 1465 983 1533 maiorem
1013 1465 1099 1532 inter

86 1557 212 1642 legatos
235 1553 366 1642 habuit3
387 1576 464 1622 nam
488 1554 609 1623 multas
628 1559 663 1622 et
679 1555 805 1623 ualidas
823 1555 971 1642 legiones
989 1575 1098 1622 seeum

86 1645 119 1710 in
137 1642 265 1731 Syriam
287 1643 425 1710 traiecit
460 1644 571 1730 itaque
594 1665 668 1711 eum
685 1643 825 1711 ludaeos
850 1643 962 1710 multis
986 1663 1098 1710 eorum

87 1733 214 1820 oppidis
232 1731 336 1819 captis
355 1732 390 1798 in
412 1732 528 1799 urbem
544 1731 845 1818 Hierosolymorum
864 1731 1036 1819 praecipue
1054 1731 1097 1798 ob

87 1820 170 1887 diem
189 1821 307 1887 festum
332 1824 549 1908 congregatos
572 1820 742 1888 obsidione
765 1821 942 1899 clausisset,
964 1820 1097 1906 cognita

48 1907 224 1976 ”Neronis
251 1911 356 1976 morte
382 1906 517 1975 hortatu
544 1907 756 1995 plurimorum
778 1929 892 1995 regum
919 1910 954 1973 et
980 1907 1097 1974 dueum

85 2033 129 2045 -
159 1997 297 2063 maxime
326 1995 459 2083 Iosephi
486 1995 680 2064 Indaeorum
711 1997 801 2064 dueis
832 1994 1009 2079 sententia,
1040 1995 1097 2081 qui

86 2090 200 2171 eaptus
213 2106 287 2151 eum
301 2083 335 2150 in
350 2085 459 2152 uincla
476 2085 663 2167 eoioeretur,
681 2083 944 2152 constantissime
963 2083 1074 2150 dixero

86 2174 171 2241 sieut
192 2171 365 2241 Suetonius
387 2173 501 2260 refert,
523 2175 676 2242 continuo
699 2196 735 2242 se
757 2174 799 2240 ab
821 2173 935 2241 eodem
957 2172 1015 2240 sed
1037 2171 1095 2239 im·

85 2266 233 2350 peratore
252 2261 444 2330 soluendum
468 2297 511 2312 -
534 2263 706 2349 imperium
728 2263 866 2350 adeptus
888 2265 946 2346 est,
968 2261 1097 2330 relicto·

49 2366 150 2438 oque
172 2351 207 2418 in
229 2350 688 2508 epptdsfidwpmumtppnem
702 2351 890 2507 ptsidionis
901 2349 1097 2507 ffimlyi

84 2461 211 2507 morum
283 2462 316 2507 ιο
522 2463 539 2507 r
618 2461 701 2507 enen
724 2463 805 2508 nam
864 2461 901 2508 ro
1045 2459 1080 2505 es

51 2515 52 2518 ¹
84 2529 236 2616 Romam3
271 2529 328 2597 sed
364 2461 757 2618 eogditapeinterlectioue
788 2463 903 2597 vieini
933 2527 1096 2617 paulisper

85 2618 298 2687 Alexandriae
320 2619 478 2688 substitit
522 2619 615 2687 'litua
637 2641 716 2687 uero
739 2641 861 2707 magna
881 2640 920 2685 ao
941 2617 1131 2685 diutnma⁴

84 2708 252 2776 obsidione
269 2706 407 2777 Iudaeos
430 2730 590 2797 premens,
613 2709 771 2776 machinis
794 2709 982 2795 eunetisque
1004 2706 1095 2775 belli·

45 2797 130 2862 ocis
153 2798 293 2866 molibus
316 2819 383 2866 nou
405 2799 475 2865 sius
498 2799 602 2865 multo
625 2819 758 2864 suornm
781 2797 939 2884 sanguine
961 2796 1093 2863 tandem

83 2907 192 2953 muros
206 2886 349 2954 ciuitatis
363 2885 496 2974 inrupit
518 2885 574 2952 sed
588 2885 629 2952 ad
643 2885 892 2974 expugnandam
905 2885 1094 2954 interiorem

82 2974 196 3061 templi
222 2974 450 3061 munitionem,
477 2996 576 3062 quam
603 2973 729 3041 reclusa
751 2973 926 3041 multitudo
949 2971 1093 3041 ssoerdo·

82 3066 153 3128 tum
176 3083 214 3130 ne
236 3063 417 3149 principum
444 3064 609 3149 tuebatur,
638 3063 760 3130 maiore
783 3061 818 3130 ui
840 3067 874 3128 et
896 3083 988 3129 mora
1010 3083 1092 3148 opus

83 3147 154 3214 fuit
198 3151 284 3236 quod
313 3155 423 3218 tanuen
449 3155 623 3237 postquam
649 3151 685 3217 in
751 3155 903 3218 testatem
925 3149 1129 3217 redaetum⁵

44 3247 71 3289 ιι
83 3255 180 3318 opere
193 3242 292 3321 atque
310 3239 508 3325 antiquitate
526 3238 681 3324 suspexit,
720 3238 754 3304 iu
772 3237 967 3305 deliberauit
982 3241 1091 3304 utrum

83 3320 249 3405 tamquam
261 3322 508 3392 incitamentum
521 3325 667 3392 hostium
684 3325 872 3393 intenderet
889 3347 932 3391 an
949 3324 985 3391 in
1002 3322 1092 3392 testi·

83 3405 227 3472 monium
256 3409 411 3477 uiesorius
439 3417 629 3480 rosemanet
674 3412 731 3480 sed
759 3411 909 3481 Eeolesia
934 3411 997 3482 Dei
1026 3413 1092 3482 iem

1308 311 1362 366 =i

1073 2088 1097 2170 t,

1276 1 1317 118 Γ.

1296 121 1299 130 .

1277 152 1281 202 l

1277 214 1280 234 l
