2800 3790
344 157 540 212 romeon
558 157 723 211 rnoruoe
741 157 782 210 111
803 160 917 213 re-ra.
1093 151 1138 220 εἴ)
1285 169 1286 179 ¹

123 309 200 370 tene
222 303 314 369 milia
335 301 508 389 profligata
530 301 728 368 referuntur:
751 322 947 388 quamquam
966 305 1059 367 extra
1075 299 1172 368 haar

124 391 231 460 eladee
253 412 312 479 per
334 390 464 459 eoadem
486 394 554 458 tren
577 411 682 459 annuo
705 395 738 457 et
751 389 852 457 Aeiae
870 389 1020 458 oiuitatae
1038 389 1137 476 pluri·

124 503 196 550 mae
223 503 396 569 oppreeaae
424 481 491 549 aiut
517 485 551 548 et
573 479 667 567 Syria
688 485 760 548 tota
782 483 926 562 uastata,
953 479 1061 566 Tynna
1083 502 1137 547 ex·

98 568 1138 746 .terelleeueiefizrizleeuaer:

124 748 314 815 tremefacta
350 745 541 814 eueoeuerit
575 747 798 832 plurimaeque
829 746 996 814 aubieotae
1027 745 1137 814 Tauro

125 836 311 924 proninoiae
343 839 440 923 atque
466 835 538 921 ipae
564 856 659 903 mone
687 833 814 902 Taurus
841 834 897 902 diu
923 833 1139 903 detrectatum

124 925 237 1010 iugum
260 923 402 990 domitur
425 928 459 991 et
480 924 587 990 niotua
610 923 779 1009 aoooperit.

191 1011 237 1079 Et
260 1033 301 1078 ne
324 1012 408 1078 lorte
429 1015 508 1078 tuno
530 1011 701 1098 quiequam
726 1012 878 1096 opinetur
898 1011 951 1076 nel
973 1007 1139 1076 Orientem
1154 1015 1193 1076 10

85 1115 112 1160 ro
126 1099 232 1166 solnm
245 1097 423 1167 Alexandri
445 1098 570 1166 uiribus
593 1099 764 1166 subactum
783 1101 835 1166 uel
847 1097 978 1165 Italiam
996 1101 1139 1165 tantum·

36 1216 59 1258 a
73 1203 113 1247 ²⁸²
126 1188 223 1255 modo
253 1187 402 1255 Romana
436 1185 668 1275 inquietudine
700 1187 889 1275 fatigatam:
925 1191 1005 1254 tune
1039 1186 1139 1254 etiarn

126 1275 321 1363 bellnrniia
346 1276 406 1343 'dio
425 1275 660 1364 Spartanorum
679 1298 713 1342 re
740 1276 766 1342 'e
784 1277 819 1343 in
836 1274 981 1360 Graecia,
999 1276 1139 1342 Alexan·

125 1363 175 1428 dri
206 1365 294 1450 regie
352 1363 415 1448 piri
447 1365 482 1430 in
510 1363 668 1448 Lucania,
726 1363 894 1448 opyxionie
920 1361 1078 1448 praelecti
1105 1363 1140 1429 in

125 1447 259 1536 Scythia
294 1451 476 1537 gerebatur.
526 1472 664 1538 qnorum
694 1449 833 1537 Hagidie
865 1449 1176 1517 Lacedaemoniae!
1321 1524 1322 1527 Ἴ

17 1569 19 1572 -
85 1554 112 1598 n
126 1538 268 1605 excitata
297 1541 332 1604 et
361 1537 541 1605 rebellante
571 1559 681 1607 eeonm
712 1539 867 1606 uniuersa
897 1535 1036 1604 Graecia
1066 1557 1141 1604 oum

124 1626 292 1712 Antipatri
322 1626 511 1695 fortiaeimia
539 1627 641 1714 copiis
669 1649 863 1716 eongreeeue
890 1627 976 1695 inter
1003 1647 1140 1716 magnae

124 1720 336 1801 utrorumque
358 1722 485 1804 atregee
508 1721 543 1784 et
564 1717 635 1804 ipee
658 1716 840 1804 procubuit
879 1716 1061 1784 Alexander
1083 1731 1176 1784 een-e

124 1809 190 1872 tem
213 1803 364 1874 initalia
387 1807 555 1874 edfeetane
578 1805 754 1876 oooidentie
777 1806 949 1894 imperium
973 1805 1139 1874 aemulane

124 1893 348 1961 Alexandrum
369 1893 405 1962 M
469 1918 539 1977 nm,
565 1901 643 1981 poet
663 1916 838 1963 numerosa
860 1901 894 1963 et
915 1897 1031 1983 grauia
1052 1895 1140 1963 bella

84 1982 245 2049 roibidem
267 1986 361 2070 geete
383 2005 404 2049 a
451 1984 560 2050 ruttiia
577 1985 781 2070 Lucaniaque
805 1989 976 2071 superatae
998 1989 1050 2050 eet
1069 2005 1138 2051 eor·

124 2093 248 2158 pneqne
274 2071 344 2138 eine
367 2072 406 2138 ad
431 2073 629 2161 sepulturum
652 2073 827 2140 uenditum.
873 2071 1038 2160 Zopyrion
1060 2087 1176 2143 ueroe

123 2161 306 2316 graeleetue
342 2161 438 2230 Ponti
478 2162 621 2231 adunato
656 2162 795 2250 triginta
834 2163 960 2231 milium
997 2163 1140 2231 exeroitu
1269 2171 1276 2187 ‘

148 2251 256 2336 opthia
283 2250 406 2320 bellum
433 2251 553 2319 inferre
581 2274 679 2321 aneae
703 2257 736 2320 et
757 2275 860 2340 nequo
882 2253 924 2320 ad
947 2252 1139 2322 internecio·

124 2359 200 2404 nern
227 2359 341 2405 ouans
368 2338 513 2406 funditur
540 2361 613 2406 oum
640 2341 792 2407 omnibns
819 2342 922 2426 oopiie
950 2342 1018 2408 euie
1045 2340 1138 2408 abra·

84 2441 180 2491 reone
203 2431 261 2493 eet

191 2511 297 2601 Igitur
317 2512 501 2582 Alexander
522 2513 673 2603 Magnae¹
686 2522 763 2602 poet
780 2515 873 2583 Darii
895 2521 1033 2584 mortem
1051 2515 1136 2605 Hyr·
1155 2533 1175 2585 a

125 2621 223 2669 oenoe
246 2605 279 2668 et
295 2599 432 2669 Mandoe
456 2604 599 2690 subegit:
622 2605 678 2670 ubi
698 2604 798 2670 etiam
816 2604 910 2671 illurn
929 2603 1033 2672 adhue
1049 2605 1137 2675 ballo

124 2688 284 2755 intentum
307 2689 469 2757 Haleetria
493 2691 562 2758 niue
583 2689 765 2774 Minothea‚
787 2693 892 2759 exeita
914 2692 1137 2780 eueoipiendae

125 2775 166 2843 ab
194 2797 233 2844 eo
256 2776 379 2844 eubolia
401 2779 508 2865 gratia
530 2801 604 2846 oum
626 2779 779 2846 trecentis
801 2779 995 2847 mulieribus
1017 2801 1138 2866 prooax

85 2880 112 2923 ιο
126 2863 271 2932 Anauon
297 2865 432 2934 inuenit
478 2873 554 2954 poet
581 2867 661 2935 haee
689 2867 883 2936 Parthorum
910 2889 955 2955 pn
1001 2890 1054 2936 arn
1081 2868 1174 2938 ade

125 2973 265 3039 menone,
283 2976 364 3040 quoe
383 2955 439 3022 din
457 2957 643 3025 obnitentes
660 2957 781 3024 deleuit
798 2977 932 3045 propem
975 2979 1031 3024 um
1044 2963 1136 3026 ante·

124 3061 221 3126 quarn
254 3043 346 3129 uieit,
380 3043 456 3111 indo
481 3043 634 3132 Drangae
660 3044 842 3133 Euergetas
869 3045 1017 3113 Parimae
1039 3044 1172 3115 Para-t

34 3156 57 3197 a
70 3145 110 3188 ιω
123 3149 278 3214 pamenoa
304 3128 475 3217 Adlaepioe
505 3138 692 3218 oeteroequa
720 3133 858 3221 populoe
885 3135 940 3221 qni
967 3133 1003 3201 in
1028 3135 1136 3203 radioe

124 3214 258 3286 Canem
276 3220 490 3290 morabantur
507 3220 646 3311 subegit
663 3221 743 3290 urbe
760 3221 808 3290 ibi
822 3221 1021 3292 Alexandria
1038 3245 1137 3312 nuper

14 3317 16 3338 ¹
83 3325 110 3369 ee
123 3327 252 3381 amnem
284 3307 421 3378 Tanaim
452 3313 638 3380 eonstituta
683 3310 740 3378 aed
771 3333 831 3379 neo
862 3313 970 3381 minor
1000 3313 1071 3380 eiua
1098 3313 1171 3381 ine

14 3415 15 3438 ³
122 3416 198 3462 euoa
225 3397 399 3466 erudelitas
426 3421 525 3488 quam
553 3401 588 3467 in
615 3399 744 3469 hortem
771 3399 879 3469 rabiee
901 3401 973 3470 luit
1016 3400 1136 3470 dooeut

121 3483 185 3550 hoo
206 3483 368 3574 Amyntae
391 3489 604 3558 oonaobrinue
626 3489 767 3578 oeoieue,
793 3510 934 3561 nouerca
954 3489 1136 3580 doneque

14 3687 37 3765 t
