2746 3872
372 315 568 370 snvnesvu
585 315 752 370 rsosuos
771 317 799 369 11
818 321 859 372 rr.
881 319 922 372 re.
1110 287 1153 381 69

139 459 261 528 tissimi
292 459 439 528 omnium
465 458 683 528 Athenienses
715 461 816 528 etiem
847 461 914 528 suis
946 461 1042 528 melis
1074 461 1154 545 setis
1286 495 1288 522 ;

140 547 229 617 docti
251 548 423 617 concordis
445 547 598 616 minimes
620 570 673 616 res
696 569 849 633 crescere,
873 547 1034 618 discordis
1055 549 1155 616 mcxi·

140 659 212 704 mes
239 636 322 723 lubi,
350 641 531 724 cuncteque
557 637 612 703 uel
639 636 727 704 boue
754 635 808 704 uel
833 637 933 704 etiem
959 637 1049 705 mule
1074 655 1155 724 quse

138 723 220 792 ieris
234 727 393 813 geruntur
405 724 543 792 internis
556 745 627 792 csse
639 725 786 793 rudicete
799 729 833 792 st
846 726 966 793 emisse
978 724 1157 813 principiis,

113 811 229 881 sdemi
253 815 433 882 sbstcrsere
454 813 530 881 odie
552 818 586 880 et
609 814 689 883 toris
706 814 793 882 belle
810 819 998 902 presserunt
1019 813 1157 900 relique·
1290 827 1292 838 ·

139 907 280 988 runtque
307 901 448 989 posteris
476 901 543 969 suis
566 902 607 970 de
629 901 726 970 ruins
748 902 799 969 sni
822 903 1020 990 exemplum,
1047 901 1086 969 de
1109 923 1158 968 re·

139 989 311 1080 perustione
339 989 527 1060 consiliums
554 989 583 1058 si
609 993 721 1058 temen
749 991 793 1059 ob
820 990 1076 1059 infirmissimum
1096 989 1156 1057 hu·

139 1102 256 1149 meuse
282 1081 403 1150 mentis
430 1079 700 1168 mutsbilitetern,
726 1079 814 1169 qnod
839 1080 876 1149 in
898 1080 1037 1150 edflictis
1059 1079 1156 1150 rebus

139 1169 330 1258 consulitur,
353 1170 389 1238 in
410 1191 489 1258 pros
512 1171 577 1239 eris
600 1175 794 1239 serusretur.

48 1277 125 1331 sess
207 1257 323 1330 lIsdem
344 1259 412 1330 iere
436 1193 549 1330 dicius
572 1261 694 1331 bellum
712 1259 819 1349 ciuile,
840 1260 941 1330 immo
960 1259 1060 1330 etiem
1078 1259 1206 1349 plus-10

98 1369 123 1412 u
137 1373 236 1440 quem
263 1350 373 1438 ciuile,
400 1351 456 1420 uix
478 1351 654 1439 perrioidio
676 1351 900 1436 terminatum,
926 1349 1015 1439 opud
1036 1349 1154 1420 Perses
1297 1369 1300 1385 ·

137 1442 319 1529 gerebetur.
364 1445 496 1509 mortuo
523 1441 611 1508 euim
633 1460 711 1529 rege
733 1439 835 1508 Durio
857 1458 933 1510 cum
955 1440 1153 1508 Artexerms

137 1533 172 1598 et
187 1527 292 1617 Cyrus
314 1530 376 1598 tilii
398 1529 468 1598 eius
486 1529 526 1598 de
543 1551 646 1619 regno
666 1529 878 1618 ambigerent,
900 1529 1035 1598 tandem
1053 1551 1153 1618 eppe·
1298 1529 1301 1540 ’

136 1619 263 1688 retibus
299 1619 442 1707 mugnis,
477 1619 720 1707 prouinciarum
751 1641 790 1687 ec
820 1619 1018 1708 populorum
1048 1619 1152 1688 ruinis

97 1725 124 1770 ss
137 1707 298 1796 utrimque
330 1713 503 1778 cerintum:
535 1708 570 1776 in
601 1729 665 1796 que
695 1709 847 1778 conflictu
875 1730 950 1778 cum
975 1731 995 1776 e
1023 1709 1188 1778 diuersos

138 1801 368 1867 concurrentes
396 1798 461 1866 sibi
488 1799 586 1867 embc
613 1799 732 1866 fratres
760 1803 875 1867 mutuo
898 1819 993 1866 cesus
1015 1799 1155 1867 obiectu·

137 1887 249 1970 uisset,
271 1889 363 1976 prior
384 1887 583 1956 &memes
604 1889 796 1957 unlneretus
815 1911 835 1957 s
852 1887 956 1957 cauo
972 1888 1047 1977 equi
1065 1888 1155 1958 uelo·

137 1977 235 2046 citete
267 1978 366 2048 morti
398 1983 568 2066 exemptus
599 1979 716 2047 cussit
762 1975 866 2066 Cyrus
894 1982 1004 2046 sutem
1031 2001 1155 2048 mers

136 2067 271 2135 cohorte
293 2067 385 2156 regie
407 2090 583 2156 oppressus
606 2068 707 2137 tinem
729 2068 901 2137 certamini
924 2066 1022 2138 dedit
1056 2068 1154 2136 Arte·

95 2172 250 2224 serenes
277 2177 357 2244 ergo
384 2161 418 2224 et
443 2156 564 2244 preede
586 2156 749 2224 internos
771 2157 989 2244 expeditionis
1011 2159 1047 2224 et
1067 2179 1156 2224 exer-

135 2245 203 2312 citu
227 2245 353 2331 petitus
376 2247 574 2331 potestatem
595 2245 688 2332 regni
710 2245 884 2332 parricidio
906 2245 1060 2314 firmeuit
1106 2246 1192 2314 sice

135 2333 290 2400 uniuerso
312 2331 393 2400 Asis
419 2338 518 2421 utque
540 2331 688 2419 Europe,
717 2333 838 2420 purtim
867 2334 903 2402 in
930 2355 965 2401 se
994 2333 1154 2422 singulte,

134 2421 258 2576 guttim
275 2420 363 2488 inter
380 2441 416 2500 se
434 2421 574 2490 inuicem
591 2421 760 2491 funeribus
778 2424 812 2489 et
829 2421 964 2513 flegitiis
978 2423 1152 2510 permisce·

159 2515 267 2577 entur.

94 2612 122 2657 Ι
202 2597 289 2665 Ecce
303 2597 499 2684 peruissimu
513 2597 635 2686 pagine
648 2599 820 2685 uerbisque
832 2597 1039 2684 paucissimis
1052 2621 1153 2686 quen·
1173 2611 1195 2662 ι

48 2712 72 2756 s
84 2701 125 2748 sss
137 2691 191 2754 tos
214 2686 254 2754 dc
271 2692 324 2754 tot
340 2686 528 2774 prouinlciis
545 2687 676 2774 populis
696 2691 792 2775 etque
810 2687 946 2756 urbibus
963 2708 1033 2756 non
1048 2689 1154 2792 magis

137 2774 278 2863 explicui
301 2783 392 2844 ectus
415 2797 565 2863 operum,
593 2799 691 2863 quum
713 2776 848 2863 inplicui
871 2776 987 2864 globos
1010 2777 1155 2845 misene

134 2887 219 2932 rum.
241 2866 316 2952 quis
329 2865 416 2933 euim
430 2865 555 2933 cledem
570 2864 659 2932 illius
668 2865 835 2952 temporis,
848 2865 922 2952 quis
931 2864 1030 2933 tendo
1039 2865 1156 2933 funere

137 2953 277 3040 explicet
299 2957 358 3021 eut
379 2974 519 3040 sequere
542 2952 686 3021 lncrimis
708 2953 815 3040 pessit
837 2952 989 3022 dolores?
1026 2966 1197 3022 uerum-e

95 3046 247 3110 sstnmen
276 3041 358 3109 hesc
389 3042 476 3128 ipse,
507 3041 586 3130 quie
617 3043 721 3110 multo
748 3042 919 3110 interiectu
949 3043 1156 3111 serculorum

136 3132 359 3216 excleuerunt,
386 3130 476 3198 tecte
498 3134 576 3198 sunt
596 3129 694 3198 nobis
717 3130 871 3198 exercitis
893 3129 1099 3219 ingeniorum
1121 3137 1156 3199 et

136 3220 380 3289 oblectamento
402 3219 596 3288 tubulorum.
632 3241 831 3309 quemquem
855 3219 884 3288 si
903 3219 976 3308 quis
993 3219 1155 3290 intentius

136 3307 290 3376 edhibeet
320 3307 466 3376 aninum
493 3318 634 3396 'seseque
664 3312 736 3377 toto
769 3309 888 3376 mentis
916 3308 1045 3377 edteotu
1072 3309 1156 3396 ipsis
1258 3391 1262 3398 Ι

135 3416 238 3482 peens
265 3396 373 3463 censis
400 3396 558 3484 bellisque
587 3395 782 3482 permiscent
808 3417 846 3464 ec
870 3417 983 3465 rursus
1005 3396 1097 3465 uelut
1118 3397 1156 3465 in

95 3499 123 3543 ss
136 3503 210 3550 erce
232 3483 409 3569 spectaculi
430 3485 627 3553 constitutus
649 3489 821 3570 utrumque
844 3485 880 3552 in
902 3484 970 3552 suis
989 3484 1157 3590 qneliteti·

136 3570 198 3638 bus
224 3575 354 3656 tempus
376 3572 599 3658 permetietur,
620 3570 718 3640 tecile
740 3573 877 3640 dixerim
899 3593 973 3640 eum
995 3571 1154 3640 iudicetu-

140 3677 228 3740 rurn,
253 3677 357 3745 neque
384 3658 444 3726 ills
470 3659 536 3726 nisi
562 3660 647 3728 iruto
670 3667 767 3748 etque
789 3664 941 3728 suensto
962 3659 1034 3729 Deo
1055 3683 1156 3749 posse
