2826 3784
273 135 340 202 162
514 140 624 194 raum
642 140 765 194 onosn
781 141 1031 195 nrsronnnvrr

272 281 448 350 meitatus
476 281 586 370 puluis
615 284 740 351 eoelum
771 283 986 371 subtexuerit,
1016 283 1101 352 diem
1132 281 1290 351 ademerit

270 375 467 460 nootemque
493 371 678 460 obduxerit,
706 377 818 442 tantus
846 378 956 442 eutem
984 374 1126 444 telorum
1155 371 1288 442 nimbus

273 461 449 564 ingruerit,
475 465 513 528 ut
537 462 631 530 nulla
655 483 733 549 pers
760 463 905 550 eorporis
932 464 975 532 eb
1001 465 1068 532 iotu
1095 467 1169 530 tuta
1193 467 1290 550 esset,

272 569 394 638 qurpps
411 551 530 637 quibus
548 555 583 619 et
598 550 689 619 uisus
707 552 749 620 ad
770 552 1033 639 prospieiendum
1054 551 1288 639 impedimento

31 642 36 657 '
68 674 76 731 3
273 639 427 728 saliginis
444 645 478 708 et
496 640 658 729 expeditio
675 640 718 709 ad
739 643 918 711 osnendum
941 643 1182 730 compressione
1205 642 1316 709 mul-s

220 732 257 784 ¹¹
273 728 424 796 titudinis
445 729 565 800 deerat
609 753 670 800 neo
692 732 865 801 laborabat
885 754 983 821 eques
1005 732 1138 800 Maurus
1161 753 1199 800 ao
1219 732 1290 800 Nu·

272 818 377 905 mida,
398 823 438 887 ut
458 819 540 886 bene
563 819 768 889 oonloeatum
790 821 920 889 hostem
942 826 1126 909 opportuno
1149 821 1207 888 teli
1229 821 1288 888 im·

271 911 351 995 petn
373 907 556 997 rimaretur,
578 908 635 977 sed
656 911 768 998 potius
790 909 825 979 in
846 910 1005 979 ineertum
1028 911 1096 1000 pile
1113 910 1290 978 mittebant

270 998 353 1064 certi
380 999 466 1086 quod
492 1000 629 1066 uulnera
655 1001 779 1068 ineerta
800 1022 867 1068 non
889 1006 1009 1069 essent
1054 1001 1103 1068 ite
1125 1001 1229 1068 ooeeti
1252 1001 1288 1067 in

34 1102 37 1113 ·
270 1106 373 1153 unum
403 1085 546 1154 Romani
577 1087 703 1174 pedites
734 1088 965 1157 densabantur.
1013 1089 1287 1176 intercapedinem
1300 1108 1327 1153 ro

34 1203 37 1213 ·
72 1207 77 1225 ·
220 1178 257 1232 ¹⁸
275 1175 359 1242 tanti
385 1175 521 1264 perieuli
546 1197 613 1244 nox
634 1176 855 1246 interueniens
879 1177 976 1246 dedit.
1021 1178 1133 1247 eadem
1156 1182 1288 1265 postero

272 1263 327 1330 dis
356 1269 391 1333 et
416 1265 495 1332 belli
525 1271 559 1332 et
586 1266 722 1354 perionli
751 1267 867 1337 teoies:
896 1289 1063 1355 erumpere
1092 1269 1128 1335 in
1156 1267 1285 1334 hostem

272 1353 422 1440 momnis
440 1355 554 1422 stricto
571 1355 665 1423 miles
683 1357 794 1443 gladio
811 1377 877 1424 non
894 1356 1034 1444 ualebat,
1056 1357 1181 1424 eminus
1199 1357 1286 1422 enim
1397 1401 1398 1404 κ

268 1441 384 1510 isoulis
396 1443 628 1531 repellebetm3
645 1444 760 1533 iugero
777 1467 843 1515 non
860 1449 1022 1533 poterant,
1038 1445 1180 1534 undique
1198 1444 1285 1512 eninr

33 1500 38 1547 '³
183 1529 186 1534 ·
214 1536 254 1588 ra
269 1531 414 1599 uelocior
426 1530 469 1598 sd
485 1533 742 1619 persequendum
760 1555 858 1622 eques
877 1533 1069 1602 inlotuserat
1101 1535 1168 1601 iam
1186 1535 1286 1600 tertie
1298 1563 1321 1604 a
1335 1553 1378 1596 ⁸2⁴

269 1617 342 1684 dies
363 1622 399 1686 et
419 1620 543 1686 nullum
564 1621 787 1707 undecumque
814 1623 914 1689 suffra
940 1623 1019 1706 um,
1045 1621 1116 1688 dira
1142 1621 1286 1706 undique
1299 1640 1326 1684 re

269 1707 384 1772 mortis
405 1706 507 1774 iaoiee
528 1707 746 1775 obiciebatur:
768 1709 901 1777 tendens
959 1710 1047 1776 arina
1069 1708 1182 1776 oonsnl
1206 1707 1286 1775 lorti

268 1791 493 1880 desperatione
520 1796 590 1881 spei
616 1796 706 1862 uiam
732 1796 824 1881 ieoit,
849 1797 1002 1863 uniuerso
1029 1797 1127 1862 simul
1154 1796 1285 1882 agmine

268 1882 421 1966 prorupit
437 1901 456 1946 e
473 1882 561 1948 uallo
580 1903 758 1968 campoque
775 1905 846 1950 sese
870 1882 966 1950 simul
989 1886 1023 1950 et
1044 1883 1170 1968 proelio
1188 1880 1285 1948 dedit

217 1981 255 2034 rs
272 1973 307 2034 et
333 1988 408 2035 oum
433 1967 554 2035 iterum
580 1969 765 2037 oiroumiusi
791 1971 903 2038 hostes
925 1991 993 2037 non
1015 1971 1120 2036 solum
1143 1969 1326 2057 agminisre

191 2075 193 2080 ·
272 2059 420 2124 extreme
439 2055 610 2142 laniarent,
632 2080 746 2126 uerum
769 2059 868 2124 etiam
886 2057 993 2125 media
1010 2057 1154 2125 exoussis
1171 2056 1283 2143 procul

266 2145 344 2212 telis
375 2145 546 2232 oaedersnt
576 2147 790 2233 turbatosque
821 2146 988 2215 Romanos
1017 2147 1153 2232 insuper
1183 2145 1283 2213 etiam

234 2269 236 2274 ·
267 2237 379 2301 setus
409 2235 505 2318 solis,
535 2235 746 2302 intolerantie
776 2236 864 2321 sitis,
894 2235 1010 2301 mortis
1041 2233 1284 2302 oiroumstuntie

265 2341 368 2406 nsque
395 2322 438 2387 ad
467 2324 649 2388 extremum
675 2321 912 2408 desperationis
940 2322 1145 2409 defetigaret,
1174 2322 1282 2388 subito
1375 2369 1377 2374 ·

266 2413 382 2477 notum
404 2409 486 2477 illud
508 2408 908 2492 Romanorumadnersus
929 2409 1028 2478 Afros
1048 2413 1281 2495 tempestatum
1295 2424 1322 2471 ss

266 2497 484 2586 imbriumque
502 2499 693 2587 suffragium
710 2501 801 2568 eaelo
818 2500 954 2567 missum
972 2500 1160 2585 insperatae
1184 2497 1282 2565 saluti

215 2595 251 2648 ιο
267 2587 340 2655 luit.
385 2587 544 2677 siquidem
572 2589 743 2676 repentino
770 2589 882 2675 pluuia
910 2586 1096 2654 sitientibus
1126 2585 1282 2654 Romanis

265 2681 300 2746 et
321 2678 546 2748 aestuantibus
568 2679 644 2748 seiri
686 2677 772 2747 rium
793 2681 971 2766 potumque
993 2675 1155 2766 praebuit,
1183 2697 1282 2764 porro

264 2771 374 2836 autern
387 2767 539 2838 Numidia
557 2768 645 2836 hasti
662 2769 693 2836 'a
709 2769 859 2855 telorum,
877 2788 960 2854 quse
977 2789 1077 2834 mann
1095 2765 1282 2854 intorquere

265 2854 337 2921 sine
359 2855 532 2922 ammentis
554 2857 672 2940 solent,
692 2856 818 2923 lubrioe
839 2876 879 2922 eo
900 2875 959 2940 per
980 2853 1044 2922 hoo
1065 2855 1195 2921 inutilia
1210 2853 1280 2920 red·
1292 2871 1322 2914 eo

66 2981 74 3016 ι
213 2949 248 3002 ¹¹¹
265 2940 363 3026 didit,
386 2948 480 3008 aouta
496 2941 606 3028 etiarn,
628 2964 712 3030 quae
735 2941 900 3028 elephanti
918 2941 1006 3008 oorio
1030 2945 1160 3008 extento
1183 2944 1282 3027 etque

264 3028 383 3096 durato
410 3029 535 3097 habilia
560 3035 595 3098 et
619 3034 694 3098 tuta
719 3030 895 3117 gestabant
918 3063 958 3077 -
983 3028 1075 3096 ouius
1101 3048 1142 3096 ea
1162 3032 1283 3095 natura

265 3121 327 3202 est,
347 3119 388 3183 ut
408 3123 576 3203 aooeptum
598 3118 737 3185 imbrem
757 3122 927 3204 tamquam
949 3115 1087 3204 spongia
1108 3117 1221 3183 ebibat
1243 3134 1281 3181 ao

262 3223 323 3290 per
351 3203 414 3271 boo
443 3203 648 3271 intrsotabile
676 3204 848 3290 repentino
877 3203 1019 3290 pondere
1048 3203 1109 3269 liat
1132 3235 1179 3252 -
1205 3201 1282 3289 quia

67 3368 72 3380 ¹
264 3289 545 3361 eirmmisrrinon
559 3295 720 3380 poterent,
737 3289 1148 3379 deiendersnequiuerunt
1177 3291 1321 3358 suere

50 3433 75 3460 y,
210 3479 245 3534 u
262 3381 430 3539 w
451 3381 656 3559 οοιιῙοοὲξῖἓι
677 3379 1048 3556 dpustitutistquepffirpuriis
1070 3401 1108 3448 ao
1128 3377 1282 3556 Megelli

373 3491 413 3538 ns
439 3489 479 3537 ao
523 3492 545 3537 u
647 3492 668 3537 a
735 3490 837 3559 geren
1033 3489 1073 3536 oo
1098 3489 1163 3537 non
