2820 3778
295 121 363 188 146
540 125 648 178 esum
666 124 790 178 oreosrr
807 127 1056 182 nrsromsnvu
1137 91 1156 128 *

291 266 429 334 uendite
454 272 519 352 est;
545 267 626 334 urbe
652 268 786 337 ineense
813 269 898 336 muri
919 267 1067 337 funditus
1089 269 1190 336 diruti
1214 275 1305 355 sunt3

291 355 428 422 murulis
460 355 545 442 lupis
575 356 611 423 in
642 358 810 443 puluerem
840 355 1004 441 reduetus,
1034 358 1157 444 proedo
1187 358 1304 461 ingens

249 451 271 506 r
291 449 407 532 erepte
422 449 483 514 est.
514 466 592 514 seue
610 467 683 514 oum
700 449 837 534 propter
853 445 1095 515 multitudinem
1113 449 1147 514 et
1165 453 1304 514 unmetr-

71 567 76 580 ·
290 540 360 602 tem
388 538 569 604 summm
597 537 907 625 simulacrorumque
935 535 970 604 in
997 535 1056 605 illo
1083 535 1226 606 oinitutis
1254 537 1303 605 in·

70 648 75 673 ·
182 669 186 676 -
290 624 406 691 oeudio
441 625 601 710 permixte
631 626 666 692 in
697 647 798 694 unum
829 627 900 692 euri
931 626 1059 712 urgenti
1091 630 1189 712 etque
1220 627 1345 694 neris·

289 713 1216 888 tlffltffillztltllltltlllttill:
1233 735 1304 869 „tt

292 908 332 954 er
353 887 427 973 ipso
449 887 519 955 sine
540 909 580 954 ex
602 889 784 956 imitatione
807 888 876 957 eius
899 910 954 956 ess
978 886 1197 974 Corinthium,
1219 889 1305 956 siout

291 976 467 1044 memorius
487 976 643 1044 treditnm
666 981 730 1064 est,
751 981 786 1046 et
808 975 980 1046 Corinthio
1002 999 1082 1045 usse
1104 977 1262 1046 (licuntur.

249 1077 273 1137 4
357 1065 464 1134 Isslem
486 1066 675 1136 consulibus
692 1067 839 1136 Viriatus
862 1067 898 1134 iu
920 1065 1082 1154 Hispania
1103 1088 1222 1157 genere
1240 1065 1343 1135 liu-1⁰

290 1154 429 1242 situum,
455 1155 567 1224 homo
580 1157 755 1245 pastoralis
778 1163 811 1225 et
832 1157 932 1244 letro,
954 1156 1301 1244 primuminiestunelo

237 1317 247 1332 ‚
288 1243 360 1312 nius
390 1243 505 1313 deinde
536 1245 695 1315 ineundo
726 1245 912 1333 prouinoiee
943 1250 1110 1333 postremo
1142 1246 1300 1314 exereitus

286 1338 473 1421 praetorum
493 1338 529 1401 et
544 1337 713 1404 consulum
732 1337 953 1404 Romanorum
970 1335 1129 1403 uincendo
1149 1331 1299 1423 llugendo
1313 1363 1337 1403 s·
1348 1350 1390 1394 Μ

246 1432 268 1486 1
287 1422 466 1512 subigendo
480 1423 621 1492 maximo
634 1424 752 1493 terrori
766 1423 922 1492 Romanis
936 1425 1086 1492 omnibus
1098 1423 1171 1492 fuit.
1200 1424 1300 1511 siqui-

286 1511 359 1578 dem
380 1511 540 1579 Hiberum
561 1516 596 1580 et
616 1511 752 1602 Tagum,
774 1513 917 1580 menime
944 1518 979 1580 et
1004 1512 1299 1580 diuersissimorum
1313 1528 1340 1572 u

285 1600 433 1669 looorum
469 1600 618 1689 flumine,
654 1602 721 1669 lete
757 1601 1009 1689 trunegreelienti
1040 1605 1074 1669 et
1104 1603 1299 1688 perurgenti

285 1686 322 1758 0.
335 1687 480 1759 Veeilius
497 1696 630 1778 preetor
647 1690 800 1760 ooeurrit:
824 1691 881 1779 qui
902 1691 1056 1760 continuo
1079 1711 1173 1758 oueso
1196 1712 1297 1776 usque

285 1776 328 1846 uel
353 1779 608 1847 internecionem
634 1801 737 1866 paene
765 1782 853 1847 omni
881 1781 1023 1846 exereitn
1052 1801 1113 1846 sno
1141 1779 1196 1846 uix
1226 1779 1297 1864 ipse

244 1878 266 1930 s
284 1871 418 1955 praetor
434 1888 507 1936 eum
525 1869 637 1956 peueis
655 1869 690 1937 tn
752 1869 863 1956 lepsos
876 1867 990 1936 euasit
1021 1865 1137 1934 deinde
1151 1863 1187 1934 0.
1201 1866 1297 1934 Pleu·

228 1993 230 1997 ·
282 1956 367 2024 tium
388 1962 573 2043 praetorem
594 1956 679 2026 idem
730 1958 845 2025 irietus
867 1956 979 2025 multis
1001 1955 1135 2043 proeliis
1156 1955 1296 2023 fructum
1310 1972 1338 2017 ss

281 2044 420 2134 ingruit
450 2051 527 2133 post
544 2046 643 2114 etiem
661 2045 817 2114 Olennius
835 2044 1063 2112 Vnimnmmus
1082 2066 1156 2112 oum
1174 2065 1296 2132 megno

282 2134 445 2201 instructu
467 2134 546 2202 belli
565 2140 682 2203 nonne
694 2133 860 2202 Virietum
881 2135 1000 2201 missus
1024 2133 1118 2220 quusi
1140 2153 1201 2219 pro
1220 2133 1296 2201 ebo·

283 2222 381 2289 lende
399 2223 566 2310 superiore
583 2222 712 2291 meeule
729 2221 916 2310 turpiorem·
926 2222 996 2309 ipse
1014 2221 1106 2288 nuxit
1118 2220 1295 2289 inlemiem.

215 2323 362 2386 ,snum
377 2321 585 2400 'eongressns
613 2332 688 2380 eum
717 2310 844 2378 Virieto
875 2310 1044 2378 uniuersus
1074 2331 1155 2399 ques
1186 2331 1295 2378 seeum

251 2405 253 2410 '
283 2399 462 2470 uoluerat
492 2401 604 2488 copies
635 2399 856 2488 maximosque
888 2399 975 2467 uires
1006 2399 1147 2467 Romani
1184 2400 1335 2468 nmisitss

283 2489 453 2559 meruitne.
497 2488 644 2558 Viriatus
671 2490 802 2558 nebeee
830 2488 935 2558 lesees
958 2494 1128 2576 oetereqne
1151 2487 1295 2578 insignia

281 2577 431 2648 Romenu
452 2580 488 2647 in
509 2579 769 2649 manuteneri·
791 2583 928 2666 tropeos
950 2578 1110 2666 praefixit.

244 2680 264 2734 s
347 2669 471 2740 Eodem
497 2675 644 2757 tempore
667 2686 732 2739 ccc
755 2669 902 2738 lausituni
930 2689 1003 2736 oum
1027 2667 1115 2736 mille
1136 2668 1294 2736 Romanis

279 2760 316 2829 in
337 2759 478 2849 quodem
501 2760 589 2829 ssltu
611 2765 801 2830 contraxere
822 2781 978 2850 pugnem,
999 2757 1035 2827 in
1079 2780 1122 2826 ue
1140 2776 1213 2827 nxx
1231 2756 1294 2827 Lu·

278 2850 414 2936 sitsuus,
435 2850 603 2918 Romsnos
624 2854 734 2928 sutem
757 2865 873 2917 cccxx
896 2849 1050 2916 cecidisse
1127 2849 1220 2915 udins
1243 2865 1334 2916 reos

72 3035 76 3057 ι
113 3027 116 3032 Ι
242 2939 360 3028 elert3
382 2943 418 3008 et
434 2959 508 3008 enm
525 2938 667 3008 uictores
679 2937 832 3007 Iausitnni
850 2937 956 3026 spursi
974 2958 1013 3005 ee
1032 2936 1136 3005 securi
1154 2935 1292 3024 obirent,

281 3051 367 3097 uuus
393 3049 433 3096 ex
459 3027 513 3096 luis
539 3028 638 3118 longe
660 3051 681 3096 u
703 3031 819 3098 ceteris
841 3031 1031 3117 segregetur
1053 3047 1136 3113 enm,
1159 3025 1293 3094 urem-

280 3117 364 3186 ruris
390 3117 553 3206 equitibus
579 3117 677 3204 pedes
705 3118 777 3222 ipse
806 3117 1024 3205 deprehensus
1053 3115 1149 3182 unius
1179 3135 1291 3182 eornm

9 3216 12 3230 ¹
139 3255 150 3274 .
276 3227 361 3312 equo
389 3205 506 3274 lunoeu
603 3226 678 3274 osso
707 3207 812 3295 ipsios
841 3204 961 3293 equitis
989 3202 1032 3271 ed
1060 3225 1162 3271 unum
1191 3203 1290 3292 gladii

276 3299 380 3365 m
402 3300 502 3383 ΜΝι
543 3292 726 3384 mut,
747 3294 797 3362 ite
819 3314 931 3362 omnes
959 3297 1047 3361 metu
1073 3293 1225 3380 perculit,
1252 3298 1330 3360 utu
1404 3357 1405 3362 ἵ

274 3384 561 3544 &wiltun
578 3384 704 3454 eunetis
721 3384 793 3473 ipre
809 3381 1021 3470 contemptim
1044 3386 1142 3470 etque
1165 3380 1289 3450 otiosus
1404 3397 1405 3408 ¹
