2744 3800
320 65 857 126 commendaremus.
1026 65 1092 134 249

83 215 117 278 et
130 207 264 276 nefariis
278 207 385 276 modis
403 229 462 296 per
479 210 660 296 complures
678 209 746 277 dies
760 232 781 275 a
795 209 988 296 Vespasiani
1006 210 1092 277 mili·

80 298 168 366 tibus
199 295 371 363 aduersum
405 301 554 364 senatum
585 298 804 385 populumque
831 297 1015 366 Romnum
1042 297 1091 363 iu·

82 385 221 453 discreta
242 383 338 452 caede
361 384 521 451 saeuitum
544 389 603 454 est

146 470 402 540 mosomus
420 473 551 541 modias
568 489 741 560 nocens,
763 470 855 540 ursui
878 473 936 540 nn
958 471 1127 560 quesne
1271 468 1297 556 ξ

54 561 136 630 seed
150 560 281 629 turbida
293 565 509 648 tyrannorum
526 565 723 650 tempestate
741 561 895 647 discussa,
912 561 1092 649 tranquilla

1272 6 1289 47 ι.

1272 47 1296 111 l..

1272 132 1276 165 l

80 652 140 720 sub
153 648 359 738 Vespasiano
369 649 454 719 *duce
468 651 627 718 serenitas
640 651 743 719 rediit
775 671 925 738 namque,
942 654 980 717 ut
991 651 1087 734 paulo
1107 663 1124 716 a
1271 651 1275 706 l

6 797 7 812 ,
80 741 177 809 altius
194 744 350 827 repetam,
372 737 484 807 Iudaei
501 746 579 827 post
595 740 781 828 passionem
800 737 923 808 Christi
940 738 1090 807 destituti

79 830 113 897 in
136 833 242 898 tutum
265 829 371 917 gratia
392 827 455 896 Dei
477 851 551 897 cum
573 829 724 897 omnibus
746 827 890 917 undique
913 827 1010 896 mdis
1032 827 1091 896 cir·

79 919 355 1005 cumueuirentur,
382 917 576 1006 quibusdam
599 919 634 987 in
658 915 809 987 Cermalo
833 922 942 985 monte
966 917 1090 986 seducti

40 1029 67 1071 sa
79 1009 234 1094 sortibus,
263 1028 346 1112 quae
374 1007 607 1093 portenderent
635 1013 764 1076 exortos
794 1029 814 1074 a
842 1006 963 1075 Iudaea
991 1006 1112 1075 duco·

78 1119 183 1164 rerum
211 1099 374 1251 potituros
401 1096 486 1181 iore,
512 1097 778 1183 praedictumque
801 1097 841 1162 ad
864 1116 899 1162 se
921 1094 1088 1162 babentes
1141 1177 1144 1182 ¹

78 1187 113 1252 in
135 1187 211 1253 rebe
225 1185 346 1252 lionem
368 1191 558 1253 exarserunt
580 1185 795 1272 extinctisque
817 1184 976 1252 Romanis
998 1205 1088 1269 prae·

77 1274 167 1341 sidiis
190 1275 334 1361 legatum
357 1294 484 1359 quoque
502 1271 616 1359 Syriae
633 1275 800 1360 suppetias
819 1273 976 1340 terentem
994 1278 1088 1357 rapta

6 1381 66 1428 ssu
78 1361 188 1450 aquila
205 1369 238 1429 et
255 1361 359 1428 caesis
376 1361 477 1448 copiis
492 1357 708 1449 liugauerunt
738 1362 780 1429 ad
794 1362 854 1428 hos
868 1359 1087 1447 Vespasianus
1105 1364 1123 1416 ⁸
1290 1391 1292 1398 >

40 1470 99 1520 rsa
124 1450 254 1520 Nerone
281 1449 399 1518 missus
426 1449 536 1517 'litum
562 1449 666 1516 filium
694 1472 789 1518 suum
818 1448 973 1517 maiorem
1003 1448 1089 1515 inter

76 1541 201 1629 legatos
224 1538 355 1626 habuit3
376 1561 453 1606 uam
477 1539 598 1606 multas
617 1543 652 1606 et
669 1538 794 1607 ualidas
812 1539 960 1625 legiones
978 1558 1088 1606 secum

75 1630 108 1695 in
127 1625 254 1715 Syriam
276 1626 415 1694 traiecit
450 1628 561 1714 itaque
583 1649 656 1694 cum
674 1627 814 1696 Iudaeos
839 1627 952 1693 multis
975 1647 1087 1694 eorum

76 1717 203 1805 oppidis
222 1717 326 1803 captis
344 1717 380 1782 in
401 1716 517 1783 urbem
533 1715 835 1802 Hierosolymorum
854 1715 1025 1802 praecipue
1043 1714 1087 1782 cb

76 1806 160 1872 diem
178 1805 298 1871 festum
322 1809 538 1892 congregatos
561 1803 731 1872 obsidione
754 1805 932 1882 clausisset,
953 1802 1087 1889 cognita

37 1892 213 1961 ”Neronis
240 1895 346 1959 morte
372 1891 507 1959 hortatu
533 1892 746 1979 plurimorum
767 1913 882 1979 regum
909 1893 943 1957 et
969 1891 1087 1957 ducum

74 2017 119 2030 -
149 1979 287 2048 maxime
316 1978 448 2066 losephi
475 1979 668 2047 Iudaeorum
700 1980 791 2047 ducis
822 1977 998 2064 sententia,
1030 1979 1087 2064 qni

75 2075 189 2155 captus
203 2091 275 2136 cum
290 2068 326 2134 in
339 2069 448 2136 uincla
466 2069 652 2151 coiceretur,
670 2067 935 2136 constantissime
952 2067 1087 2154 dixerat,

75 2158 160 2226 sicut
182 2156 354 2225 Suetonius
376 2157 491 2243 refert,
512 2159 665 2226 continuo
689 2179 724 2226 se
746 2158 789 2224 ab
811 2157 924 2225 eodem
947 2155 1004 2223 sed
1026 2155 1084 2223 im·

74 2251 223 2334 peratore
241 2246 434 2315 soluendum
458 2283 501 2296 -
523 2247 695 2352 imperium
718 2246 856 2334 adeptus
877 2249 936 2329 est,
958 2244 1086 2312 relicto·

38 2351 65 2407 ’ὅ
78 2359 139 2423 que
161 2336 334 2404 incastris
357 2336 399 2403 ad
421 2341 678 2424 procurationem
701 2335 879 2403 obsidionis
896 2333 1086 2421 Hierosoly·

74 2447 201 2492 morum
237 2424 304 2492 filio
342 2424 432 2513 Tito,
470 2447 529 2514 per
566 2424 807 2491 Alexandriam
830 2423 995 2510 proiectus
1035 2425 1087 2490 est

74 2514 226 2602 Romam3
261 2515 318 2584 sed
353 2513 487 2604 cognita
521 2513 746 2583 interiectione
778 2511 892 2581 Vitelli
923 2510 1086 2601 paulisper

75 2604 288 2673 Alexandriae
310 2605 468 2673 substitit
512 2604 605 2672 Titus
627 2624 705 2672 uero
728 2621 909 2690 magnaeo
931 2601 1121 2668 diuturna*

74 2693 241 2762 obsidione
259 2693 397 2762 Iudaeos
419 2714 580 2780 premens,
601 2693 761 2760 machinis
784 2691 971 2778 cunctisque
993 2691 1085 2759 belli·

35 2796 62 2840 ω
75 2783 120 2849 eis
143 2783 283 2852 molibus
306 2804 373 2849 non
396 2781 466 2849 sine
488 2783 592 2849 multo
615 2803 748 2848 suorum
771 2780 928 2868 sanguine
952 2780 1083 2847 tandem

73 2893 182 2938 muros
196 2869 339 2938 ciuitatis
353 2869 485 2956 inrupit
508 2869 564 2936 sed
577 2868 619 2936 ad
633 2869 881 2956 expugnandam
895 2868 1083 2936 interiorem

72 2960 186 3046 templi
211 2957 439 3044 munitionem,
467 2980 565 3046 quam
592 2959 719 3025 reclusa
741 2957 916 3025 multitudo
939 2955 1083 3024 sacerdo·

73 3049 143 3112 tum
166 3066 204 3113 cc
226 3045 407 3131 principum
433 3048 598 3133 tuebatur,
628 3045 750 3114 maiore
772 3045 808 3113 ui
830 3050 863 3113 et
885 3066 978 3113 mora
999 3066 1081 3131 opus

73 3131 144 3198 fuit
188 3132 275 3218 qnod
303 3137 412 3202 tamen
439 3138 612 3220 postquam
639 3133 675 3201 in
740 3139 892 3200 metatam
915 3133 1119 3200 reductum⁵

34 3232 61 3274 υ
74 3239 170 3302 opere
183 3226 282 3305 atque
300 3221 497 3308 antiquitate
516 3222 670 3308 suspexit,
710 3221 744 3288 iu
761 3221 956 3288 deliberauit
972 3224 1081 3287 utrum

72 3306 238 3406 tamquam
251 3307 498 3376 incitamntnm
510 3309 657 3377 bostium
674 3308 862 3377 incenderet
879 3331 922 3375 an
939 3309 975 3375 in
991 3306 1082 3375 testi·

72 3409 216 3457 momnm
245 3394 401 3463 uictoriae
429 3401 618 3464 resumeret
663 3396 721 3464 sed
748 3395 898 3465 Ecclesia
924 3395 987 3465 Dei
1015 3396 1082 3464 iam
