<?xml version="1.0" encoding="UTF-8"?>
<!DOCTYPE html PUBLIC "-//W3C//DTD XHTML 1.0 Transitional//EN"
    "http://www.w3.org/TR/xhtml1/DTD/xhtml1-transitional.dtd">
<html xmlns="http://www.w3.org/1999/xhtml" xml:lang="en" lang="en">
 <head>
  <title>
</title>
<meta http-equiv="Content-Type" content="text/html;charset=utf-8" />
  <meta name='ocr-system' content='tesseract 3.04.00' />
  <meta name='ocr-capabilities' content='ocr_page ocr_carea ocr_par ocr_line ocrx_word'/>
</head>
<body>
  <div class='ocr_page' id='page_1' title='image "./pavliorosiihist01orosgoog_0257.png"; bbox 0 0 2826 3784; ppageno 0'>
   <div class='ocr_carea' id='block_1_1' title="bbox 427 157 1202 225">
    <p class='ocr_par' dir='ltr' id='par_1_1' title="bbox 427 157 1202 225">
     <span class='ocr_line' id='line_1_1' title="bbox 427 157 1202 225; baseline 0.012 -9"><span class='ocrx_word' id='word_1_1' title='bbox 427 161 624 217; x_wconf 81' lang='lat' dir='ltr'><strong>snvnnsvu</strong></span> <span class='ocrx_word' id='word_1_2' title='bbox 641 161 807 216; x_wconf 75' lang='lat' dir='ltr'><strong>scotres</strong></span> <span class='ocrx_word' id='word_1_3' title='bbox 824 163 849 214; x_wconf 89' lang='lat' dir='ltr'>v</span> <span class='ocrx_word' id='word_1_4' title='bbox 867 166 893 216; x_wconf 84' lang='lat' dir='ltr'><strong>s.</strong></span> <span class='ocrx_word' id='word_1_5' title='bbox 912 165 937 216; x_wconf 87' lang='lat' dir='ltr'><strong>a.</strong></span> <span class='ocrx_word' id='word_1_6' title='bbox 1139 157 1202 225; x_wconf 79' lang='lat'><strong>149</strong></span> 
     </span>
    </p>
   </div>
   <div class='ocr_carea' id='block_1_2' title="bbox 38 302 1313 2071">
    <p class='ocr_par' dir='ltr' id='par_1_2' title="bbox 38 302 1313 2071">
     <span class='ocr_line' id='line_1_2' title="bbox 192 302 1235 390; baseline -0.002 -20"><span class='ocrx_word' id='word_1_7' title='bbox 192 304 309 389; x_wconf 88' lang='lat' dir='ltr'><strong>citum,</strong></span> <span class='ocrx_word' id='word_1_8' title='bbox 336 303 417 370; x_wconf 92' lang='lat' dir='ltr'><strong>adeo</strong></span> <span class='ocrx_word' id='word_1_9' title='bbox 443 302 618 372; x_wconf 73' lang='lat' dir='ltr'><strong>infeliciter</strong></span> <span class='ocrx_word' id='word_1_10' title='bbox 639 303 765 390; x_wconf 88' lang='lat' dir='ltr'><strong>proelia</strong></span> <span class='ocrx_word' id='word_1_11' title='bbox 786 307 903 370; x_wconf 86' lang='lat' dir='ltr'><strong>cuncta</strong></span> <span class='ocrx_word' id='word_1_12' title='bbox 925 303 1029 388; x_wconf 80' lang='lat' dir='ltr'><strong>gessit</strong></span> <span class='ocrx_word' id='word_1_13' title='bbox 1050 308 1149 389; x_wconf 86' lang='lat' dir='ltr'><strong>atque</strong></span> <span class='ocrx_word' id='word_1_14' title='bbox 1170 302 1206 368; x_wconf 90' lang='lat' dir='ltr'><strong>in</strong></span> <span class='ocrx_word' id='word_1_15' title='bbox 1234 311 1235 314; x_wconf 76' lang='grc'>’</span> 
     </span>
     <span class='ocr_line' id='line_1_3' title="bbox 193 390 1205 479; baseline -0.001 -20"><span class='ocrx_word' id='word_1_16' title='bbox 193 391 226 459; x_wconf 97' lang='lat' dir='ltr'><strong>id</strong></span> <span class='ocrx_word' id='word_1_17' title='bbox 258 413 410 478; x_wconf 88' lang='lat' dir='ltr'><strong>suprema</strong></span> <span class='ocrx_word' id='word_1_18' title='bbox 438 391 664 479; x_wconf 71' lang='lat' dir='ltr'><strong>desperatione</strong></span> <span class='ocrx_word' id='word_1_19' title='bbox 694 390 867 479; x_wconf 89' lang='lat' dir='ltr'><strong>perductus</strong></span> <span class='ocrx_word' id='word_1_20' title='bbox 896 395 960 476; x_wconf 88' lang='lat' dir='ltr'><strong>est,</strong></span> <span class='ocrx_word' id='word_1_21' title='bbox 991 395 1030 458; x_wconf 92' lang='lat' dir='ltr'><strong>ut</strong></span> <span class='ocrx_word' id='word_1_22' title='bbox 1058 390 1205 478; x_wconf 86' lang='lat' dir='ltr'><strong>turpissi-</strong></span> 
     </span>
     <span class='ocr_line' id='line_1_4' title="bbox 191 479 1256 567; baseline -0.007 -20"><span class='ocrx_word' id='word_1_23' title='bbox 191 502 281 548; x_wconf 90' lang='lat' dir='ltr'><strong>mum</strong></span> <span class='ocrx_word' id='word_1_24' title='bbox 303 479 417 548; x_wconf 82' lang='lat' dir='ltr'><strong>foedus</strong></span> <span class='ocrx_word' id='word_1_25' title='bbox 435 502 510 549; x_wconf 89' lang='lat' dir='ltr'><strong>cam</strong></span> <span class='ocrx_word' id='word_1_26' title='bbox 528 479 739 548; x_wconf 90' lang='lat' dir='ltr'><strong>Numantinis</strong></span> <span class='ocrx_word' id='word_1_27' title='bbox 757 481 863 548; x_wconf 86' lang='lat' dir='ltr'><strong>iacere</strong></span> <span class='ocrx_word' id='word_1_28' title='bbox 881 484 1060 567; x_wconf 80' lang='lat' dir='ltr'><strong>cogeretur.</strong></span> <span class='ocrx_word' id='word_1_29' title='bbox 1095 501 1205 566; x_wconf 90' lang='lat' dir='ltr'><strong>quam·</strong></span> <span class='ocrx_word' id='word_1_30' title='bbox 1222 489 1256 540; x_wconf 80' lang='lat' dir='ltr'><strong>rr</strong></span> 
     </span>
     <span class='ocr_line' id='line_1_5' title="bbox 191 566 1205 655; baseline -0.001 -20"><span class='ocrx_word' id='word_1_31' title='bbox 191 569 243 636; x_wconf 92' lang='lat' dir='ltr'><strong>uis</strong></span> <span class='ocrx_word' id='word_1_32' title='bbox 266 573 300 636; x_wconf 91' lang='lat' dir='ltr'><strong>et</strong></span> <span class='ocrx_word' id='word_1_33' title='bbox 322 567 496 655; x_wconf 88' lang='lat' dir='ltr'><strong>Pompeius</strong></span> <span class='ocrx_word' id='word_1_34' title='bbox 522 569 587 635; x_wconf 89' lang='lat' dir='ltr'><strong>iam</strong></span> <span class='ocrx_word' id='word_1_35' title='bbox 615 567 703 635; x_wconf 91' lang='lat' dir='ltr'><strong>aliud</strong></span> <span class='ocrx_word' id='word_1_36' title='bbox 726 589 827 654; x_wconf 88' lang='lat' dir='ltr'><strong>aeque</strong></span> <span class='ocrx_word' id='word_1_37' title='bbox 849 568 972 634; x_wconf 83' lang='lat' dir='ltr'><strong>infame</strong></span> <span class='ocrx_word' id='word_1_38' title='bbox 993 566 1108 636; x_wconf 86' lang='lat' dir='ltr'><strong>ioedns</strong></span> <span class='ocrx_word' id='word_1_39' title='bbox 1131 589 1205 634; x_wconf 91' lang='lat' dir='ltr'><strong>cum</strong></span> 
     </span>
     <span class='ocr_line' id='line_1_6' title="bbox 165 655 1205 744; baseline 0.004 -26"><span class='ocrx_word' id='word_1_40' title='bbox 165 655 295 724; x_wconf 84' lang='lat' dir='ltr'><strong>eisdem</strong></span> <span class='ocrx_word' id='word_1_41' title='bbox 317 655 529 724; x_wconf 87' lang='lat' dir='ltr'><strong>Numantinis</strong></span> <span class='ocrx_word' id='word_1_42' title='bbox 552 657 651 743; x_wconf 89' lang='lat' dir='ltr'><strong>paulo</strong></span> <span class='ocrx_word' id='word_1_43' title='bbox 675 661 751 724; x_wconf 93' lang='lat' dir='ltr'><strong>ante</strong></span> <span class='ocrx_word' id='word_1_44' title='bbox 774 677 814 743; x_wconf 91' lang='lat' dir='ltr'><strong>pe</strong></span> <span class='ocrx_word' id='word_1_45' title='bbox 837 657 962 744; x_wconf 80' lang='lat' dir='ltr'><strong>igisset,</strong></span> <span class='ocrx_word' id='word_1_46' title='bbox 985 661 1117 723; x_wconf 85' lang='lat' dir='ltr'><strong>senatus</strong></span> <span class='ocrx_word' id='word_1_47' title='bbox 1140 655 1205 722; x_wconf 88' lang='lat' dir='ltr'><strong>dis·</strong></span> 
     </span>
     <span class='ocr_line' id='line_1_7' title="bbox 64 743 1207 832; baseline -0.001 -19"><span class='ocrx_word' id='word_1_48' title='bbox 64 789 68 798; x_wconf 88' lang='lat'><em>·</em></span> <span class='ocrx_word' id='word_1_49' title='bbox 191 745 277 813; x_wconf 87' lang='lat' dir='ltr'><strong>solui</strong></span> <span class='ocrx_word' id='word_1_50' title='bbox 299 743 413 813; x_wconf 84' lang='lat' dir='ltr'><strong>foedus</strong></span> <span class='ocrx_word' id='word_1_51' title='bbox 436 750 470 812; x_wconf 90' lang='lat' dir='ltr'><strong>et</strong></span> <span class='ocrx_word' id='word_1_52' title='bbox 493 745 681 814; x_wconf 77' lang='lat' dir='ltr'><strong>ldmcinm</strong></span> <span class='ocrx_word' id='word_1_53' title='bbox 703 744 777 812; x_wconf 91' lang='lat' dir='ltr'><strong>dedi</strong></span> <span class='ocrx_word' id='word_1_54' title='bbox 831 744 1010 812; x_wconf 75' lang='lat' dir='ltr'><strong>ummtinis</strong></span> <span class='ocrx_word' id='word_1_55' title='bbox 1031 745 1207 832; x_wconf 78' lang='lat' dir='ltr'><strong>praecepit,</strong></span> 
     </span>
     <span class='ocr_line' id='line_1_8' title="bbox 190 833 1203 921; baseline 0 -21"><span class='ocrx_word' id='word_1_56' title='bbox 190 835 247 920; x_wconf 88' lang='lat' dir='ltr'><strong>qui</strong></span> <span class='ocrx_word' id='word_1_57' title='bbox 273 833 396 901; x_wconf 89' lang='lat' dir='ltr'><strong>nudato</strong></span> <span class='ocrx_word' id='word_1_58' title='bbox 423 855 557 920; x_wconf 89' lang='lat' dir='ltr'><strong>corpore</strong></span> <span class='ocrx_word' id='word_1_59' title='bbox 585 835 797 920; x_wconf 88' lang='lat' dir='ltr'><strong>manibusque</strong></span> <span class='ocrx_word' id='word_1_60' title='bbox 825 838 905 921; x_wconf 89' lang='lat' dir='ltr'><strong>post</strong></span> <span class='ocrx_word' id='word_1_61' title='bbox 932 839 1064 920; x_wconf 81' lang='lat' dir='ltr'><strong>tergum</strong></span> <span class='ocrx_word' id='word_1_62' title='bbox 1094 833 1203 900; x_wconf 72' lang='lat' dir='ltr'><strong>renim</strong></span> 
     </span>
     <span class='ocr_line' id='line_1_9' title="bbox 190 918 1207 1006; baseline -0.002 -18"><span class='ocrx_word' id='word_1_63' title='bbox 190 920 254 988; x_wconf 90' lang='lat' dir='ltr'><strong>ctis</strong></span> <span class='ocrx_word' id='word_1_64' title='bbox 281 923 357 986; x_wconf 87' lang='lat' dir='ltr'><strong>ante</strong></span> <span class='ocrx_word' id='word_1_65' title='bbox 384 925 497 1005; x_wconf 82' lang='lat' dir='ltr'><strong>portos</strong></span> <span class='ocrx_word' id='word_1_66' title='bbox 520 918 798 987; x_wconf 73' lang='lat' dir='ltr'><strong>Numantinorum</strong></span> <span class='ocrx_word' id='word_1_67' title='bbox 826 920 993 1006; x_wconf 83' lang='lat' dir='ltr'><strong>expositus</strong></span> <span class='ocrx_word' id='word_1_68' title='bbox 1020 921 1130 1006; x_wconf 84' lang='lat' dir='ltr'><strong>ibique</strong></span> <span class='ocrx_word' id='word_1_69' title='bbox 1155 941 1207 986; x_wconf 90' lang='lat' dir='ltr'><strong>us·</strong></span> 
     </span>
     <span class='ocr_line' id='line_1_10' title="bbox 38 1006 1313 1093; baseline 0.003 -25"><span class='ocrx_word' id='word_1_70' title='bbox 38 1053 40 1068; x_wconf 51' lang='lat'><strong>,</strong></span> <span class='ocrx_word' id='word_1_71' title='bbox 190 1028 253 1093; x_wconf 91' lang='lat' dir='ltr'><strong>que</strong></span> <span class='ocrx_word' id='word_1_72' title='bbox 281 1007 316 1072; x_wconf 89' lang='lat' dir='ltr'><strong>in</strong></span> <span class='ocrx_word' id='word_1_73' title='bbox 342 1011 472 1074; x_wconf 88' lang='lat' dir='ltr'><strong>noctem</strong></span> <span class='ocrx_word' id='word_1_74' title='bbox 499 1027 647 1092; x_wconf 83' lang='lat' dir='ltr'><strong>manens,</strong></span> <span class='ocrx_word' id='word_1_75' title='bbox 673 1029 694 1072; x_wconf 88' lang='lat' dir='ltr'><strong>a</strong></span> <span class='ocrx_word' id='word_1_76' title='bbox 717 1007 786 1073; x_wconf 92' lang='lat' dir='ltr'><strong>suis</strong></span> <span class='ocrx_word' id='word_1_77' title='bbox 809 1006 964 1091; x_wconf 81' lang='lat' dir='ltr'><strong>desertus,</strong></span> <span class='ocrx_word' id='word_1_78' title='bbox 986 1007 1028 1073; x_wconf 89' lang='lat' dir='ltr'><strong>ab</strong></span> <span class='ocrx_word' id='word_1_79' title='bbox 1056 1006 1206 1074; x_wconf 89' lang='lat' dir='ltr'><strong>hostibus</strong></span> <span class='ocrx_word' id='word_1_80' title='bbox 1311 1033 1313 1036; x_wconf 94' lang='lat'>·</span> 
     </span>
     <span class='ocr_line' id='line_1_11' title="bbox 38 1094 1206 1249; baseline -0.001 -87"><span class='ocrx_word' id='word_1_81' title='bbox 38 1097 40 1172; x_wconf 74' lang='grc' dir='ltr'>ξ</span> <span class='ocrx_word' id='word_1_82' title='bbox 152 1111 179 1154; x_wconf 78' lang='lat'><strong>¹⁰</strong></span> <span class='ocrx_word' id='word_1_83' title='bbox 191 1099 302 1249; x_wconf 46' lang='lat' dir='ltr'><strong>auter?</strong></span> <span class='ocrx_word' id='word_1_84' title='bbox 320 1115 387 1161; x_wconf 91' lang='lat' dir='ltr'><strong>non</strong></span> <span class='ocrx_word' id='word_1_85' title='bbox 405 1097 574 1181; x_wconf 88' lang='lat' dir='ltr'><strong>susceptus</strong></span> <span class='ocrx_word' id='word_1_86' title='bbox 594 1094 795 1162; x_wconf 87' lang='lat' dir='ltr'><strong>lacrimabile</strong></span> <span class='ocrx_word' id='word_1_87' title='bbox 817 1095 962 1181; x_wconf 81' lang='lat' dir='ltr'><strong>utrisque</strong></span> <span class='ocrx_word' id='word_1_88' title='bbox 986 1095 1206 1181; x_wconf 89' lang='lat' dir='ltr'><strong>spectaculum</strong></span> 
     </span>
     <span class='ocr_line' id='line_1_12' title="bbox 38 1177 352 1251; baseline -0.003 -1"><span class='ocrx_word' id='word_1_89' title='bbox 38 1177 40 1196; x_wconf 78' lang='lat'>¹</span> <span class='ocrx_word' id='word_1_90' title='bbox 214 1205 269 1251; x_wconf 90' lang='lat' dir='ltr'><strong>rac</strong></span> <span class='ocrx_word' id='word_1_91' title='bbox 294 1183 352 1250; x_wconf 90' lang='lat' dir='ltr'><strong>uit.</strong></span> 
     </span>
     <span class='ocr_line' id='line_1_13' title="bbox 191 1205 1243 1361; baseline -0.006 -21"><span class='ocrx_word' id='word_1_92' title='bbox 191 1205 213 1270; x_wconf 69' lang='lat' dir='ltr'>p</span> <span class='ocrx_word' id='word_1_93' title='bbox 256 1271 450 1341; x_wconf 73' lang='lat' dir='ltr'><strong>Exclamare</strong></span> <span class='ocrx_word' id='word_1_94' title='bbox 471 1271 535 1341; x_wconf 87' lang='lat' dir='ltr'><strong>boc</strong></span> <span class='ocrx_word' id='word_1_95' title='bbox 557 1273 630 1341; x_wconf 91' lang='lat' dir='ltr'><strong>loco</strong></span> <span class='ocrx_word' id='word_1_96' title='bbox 652 1271 747 1341; x_wconf 91' lang='lat' dir='ltr'><strong>dolor</strong></span> <span class='ocrx_word' id='word_1_97' title='bbox 768 1270 878 1361; x_wconf 77' lang='lat' dir='ltr'><strong>erigit</strong></span> <span class='ocrx_word' id='word_1_98' title='bbox 913 1292 971 1340; x_wconf 90' lang='lat' dir='ltr'><strong>cur</strong></span> <span class='ocrx_word' id='word_1_99' title='bbox 992 1271 1076 1339; x_wconf 83' lang='lat' dir='ltr'><strong>falso</strong></span> <span class='ocrx_word' id='word_1_100' title='bbox 1099 1271 1243 1358; x_wconf 78' lang='lat' dir='ltr'><strong>uobis,t</strong></span> 
     </span>
     <span class='ocr_line' id='line_1_14' title="bbox 191 1361 1205 1447; baseline -0.001 -18"><span class='ocrx_word' id='word_1_101' title='bbox 191 1361 342 1447; x_wconf 85' lang='lat' dir='ltr'><strong>Romani,</strong></span> <span class='ocrx_word' id='word_1_102' title='bbox 364 1384 418 1429; x_wconf 86' lang='lat' dir='ltr'><strong>ma</strong></span> <span class='ocrx_word' id='word_1_103' title='bbox 464 1385 485 1428; x_wconf 88' lang='lat' dir='ltr'><strong>a</strong></span> <span class='ocrx_word' id='word_1_104' title='bbox 506 1362 565 1428; x_wconf 88' lang='lat' dir='ltr'><strong>illa</strong></span> <span class='ocrx_word' id='word_1_105' title='bbox 587 1361 720 1429; x_wconf 86' lang='lat' dir='ltr'><strong>nomina</strong></span> <span class='ocrx_word' id='word_1_106' title='bbox 741 1361 886 1428; x_wconf 89' lang='lat' dir='ltr'><strong>iustitiae</strong></span> <span class='ocrx_word' id='word_1_107' title='bbox 909 1361 983 1428; x_wconf 86' lang='lat' dir='ltr'><strong>ddei</strong></span> <span class='ocrx_word' id='word_1_108' title='bbox 1002 1361 1205 1428; x_wconf 84' lang='lat' dir='ltr'><strong>tortitudinis</strong></span> 
     </span>
     <span class='ocr_line' id='line_1_15' title="bbox 192 1449 1215 1538; baseline 0 -21"><span class='ocrx_word' id='word_1_109' title='bbox 192 1455 226 1517; x_wconf 90' lang='lat' dir='ltr'><strong>et</strong></span> <span class='ocrx_word' id='word_1_110' title='bbox 247 1450 396 1518; x_wconf 89' lang='lat' dir='ltr'><strong>miserico</strong></span> <span class='ocrx_word' id='word_1_111' title='bbox 438 1451 445 1467; x_wconf 84' lang='lat'>&#39;</span> <span class='ocrx_word' id='word_1_112' title='bbox 504 1449 700 1518; x_wconf 84' lang='lat' dir='ltr'><strong>uindicatis?</strong></span> <span class='ocrx_word' id='word_1_113' title='bbox 723 1473 745 1518; x_wconf 91' lang='lat' dir='ltr'><strong>a</strong></span> <span class='ocrx_word' id='word_1_114' title='bbox 762 1449 974 1518; x_wconf 78' lang='lat' dir='ltr'><strong>Numantinis</strong></span> <span class='ocrx_word' id='word_1_115' title='bbox 997 1450 1078 1518; x_wconf 87' lang='lat' dir='ltr'><strong>hacc</strong></span> <span class='ocrx_word' id='word_1_116' title='bbox 1096 1450 1215 1538; x_wconf 45' lang='lat' dir='ltr'><strong>uerius,</strong></span> 
     </span>
     <span class='ocr_line' id='line_1_16' title="bbox 38 1537 1240 1634; baseline -0.006 -28"><span class='ocrx_word' id='word_1_117' title='bbox 38 1599 39 1634; x_wconf 66' lang='lat'><strong>,</strong></span> <span class='ocrx_word' id='word_1_118' title='bbox 152 1555 179 1599; x_wconf 65' lang='grc' dir='ltr'><strong>ιε</strong></span> <span class='ocrx_word' id='word_1_119' title='bbox 192 1538 315 1607; x_wconf 85' lang='lat' dir='ltr'><strong>discite.</strong></span> <span class='ocrx_word' id='word_1_120' title='bbox 341 1539 530 1607; x_wconf 84' lang='lat' dir='ltr'><strong>tortitudine</strong></span> <span class='ocrx_word' id='word_1_121' title='bbox 549 1561 630 1626; x_wconf 89' lang='lat' dir='ltr'><strong>opus</strong></span> <span class='ocrx_word' id='word_1_122' title='bbox 648 1537 734 1606; x_wconf 82' lang='lat' dir='ltr'><strong>fuit?</strong></span> <span class='ocrx_word' id='word_1_123' title='bbox 752 1537 928 1626; x_wconf 78' lang='lat' dir='ltr'><strong>pugnando</strong></span> <span class='ocrx_word' id='word_1_124' title='bbox 946 1537 1102 1607; x_wconf 87' lang='lat' dir='ltr'><strong>uicerunt</strong></span> <span class='ocrx_word' id='word_1_125' title='bbox 1124 1537 1204 1606; x_wconf 85' lang='lat' dir='ltr'><strong>tides</strong></span> <span class='ocrx_word' id='word_1_126' title='bbox 1222 1547 1240 1599; x_wconf 84' lang='lat' dir='ltr'><strong>r</strong></span> 
     </span>
     <span class='ocr_line' id='line_1_17' title="bbox 192 1626 1204 1732; baseline -0.001 -38"><span class='ocrx_word' id='word_1_127' title='bbox 192 1626 404 1715; x_wconf 75' lang='lat' dir='ltr'><strong>exigebatur?</strong></span> <span class='ocrx_word' id='word_1_128' title='bbox 425 1627 593 1696; x_wconf 73' lang='lat' dir='ltr'><strong>medentes</strong></span> <span class='ocrx_word' id='word_1_129' title='bbox 611 1627 688 1732; x_wconf 74' lang='lat' dir='ltr'><strong>aliis</strong></span> <span class='ocrx_word' id='word_1_130' title='bbox 703 1628 879 1732; x_wconf 80' lang='lat' dir='ltr'><strong>secundum</strong></span> <span class='ocrx_word' id='word_1_131' title='bbox 896 1648 942 1732; x_wconf 75' lang='lat' dir='ltr'><strong>se,</strong></span> <span class='ocrx_word' id='word_1_132' title='bbox 964 1626 1204 1732; x_wconf 64' lang='lat' dir='ltr'><strong>qeoseccidere</strong></span> 
     </span>
     <span class='ocr_line' id='line_1_18' title="bbox 38 1715 1240 1891; baseline -0.002 -15"><span class='ocrx_word' id='word_1_133' title='bbox 38 1843 39 1848; x_wconf 25' lang='grc' dir='ltr'>ψ</span> <span class='ocrx_word' id='word_1_134' title='bbox 102 1822 179 1876; x_wconf 62' lang='lat' dir='ltr'><strong>m</strong></span> <span class='ocrx_word' id='word_1_135' title='bbox 192 1721 492 1891; x_wconf 48' lang='lat' dir='ltr'><strong>&amp;illidii</strong></span> <span class='ocrx_word' id='word_1_136' title='bbox 507 1715 1240 1891; x_wconf 53' lang='lat' dir='ltr'><strong>{tittdtttlttti‘litt⁸</strong></span> 
     </span>
     <span class='ocr_line' id='line_1_19' title="bbox 189 1891 1204 1982; baseline 0.001 -22"><span class='ocrx_word' id='word_1_137' title='bbox 189 1891 386 1960; x_wconf 88' lang='lat' dir='ltr'><strong>Numantini</strong></span> <span class='ocrx_word' id='word_1_138' title='bbox 418 1915 477 1981; x_wconf 90' lang='lat' dir='ltr'><strong>per</strong></span> <span class='ocrx_word' id='word_1_139' title='bbox 507 1893 635 1982; x_wconf 77' lang='lat' dir='ltr'><strong>legatos</strong></span> <span class='ocrx_word' id='word_1_140' title='bbox 667 1915 744 1961; x_wconf 86' lang='lat' dir='ltr'><strong>suos</strong></span> <span class='ocrx_word' id='word_1_141' title='bbox 776 1898 835 1960; x_wconf 90' lang='lat' dir='ltr'><strong>aut</strong></span> <span class='ocrx_word' id='word_1_142' title='bbox 864 1893 1058 1960; x_wconf 87' lang='lat' dir='ltr'><strong>inuiolatam</strong></span> <span class='ocrx_word' id='word_1_143' title='bbox 1090 1915 1204 1980; x_wconf 88' lang='lat' dir='ltr'><strong>paoem</strong></span> 
     </span>
     <span class='ocr_line' id='line_1_20' title="bbox 38 1981 1204 2071; baseline 0.005 -27"><span class='ocrx_word' id='word_1_144' title='bbox 38 2029 39 2040; x_wconf 61' lang='grc'>,</span> <span class='ocrx_word' id='word_1_145' title='bbox 150 1999 179 2044; x_wconf 82' lang='lat' dir='ltr'><strong>so</strong></span> <span class='ocrx_word' id='word_1_146' title='bbox 192 1983 297 2050; x_wconf 90' lang='lat' dir='ltr'><strong>solam</strong></span> <span class='ocrx_word' id='word_1_147' title='bbox 323 1985 382 2049; x_wconf 88' lang='lat' dir='ltr'><strong>aut</strong></span> <span class='ocrx_word' id='word_1_148' title='bbox 408 2003 534 2069; x_wconf 91' lang='lat' dir='ltr'><strong>omnes,</strong></span> <span class='ocrx_word' id='word_1_149' title='bbox 560 2004 642 2070; x_wconf 90' lang='lat' dir='ltr'><strong>quos</strong></span> <span class='ocrx_word' id='word_1_150' title='bbox 669 1983 805 2071; x_wconf 75' lang='lat' dir='ltr'><strong>pignore</strong></span> <span class='ocrx_word' id='word_1_151' title='bbox 832 1981 922 2068; x_wconf 91' lang='lat' dir='ltr'><strong>pacis</strong></span> <span class='ocrx_word' id='word_1_152' title='bbox 949 1985 1083 2069; x_wconf 87' lang='lat' dir='ltr'><strong>accepto</strong></span> <span class='ocrx_word' id='word_1_153' title='bbox 1109 1983 1204 2050; x_wconf 89' lang='lat' dir='ltr'><strong>uiuos</strong></span> 
     </span>
    </p>
   </div>
   <div class='ocr_carea' id='block_1_3' title="bbox 190 2070 1375 2157">
    <p class='ocr_par' dir='ltr' id='par_1_3' title="bbox 190 2070 1375 2157">
     <span class='ocr_line' id='line_1_21' title="bbox 190 2070 1375 2157; baseline -0.006 -19"><span class='ocrx_word' id='word_1_154' title='bbox 190 2071 390 2156; x_wconf 74' lang='lat' dir='ltr'><strong>dimiserant,</strong></span> <span class='ocrx_word' id='word_1_155' title='bbox 402 2071 625 2157; x_wconf 75' lang='lat' dir='ltr'><strong>reportabant</strong></span> <span class='ocrx_word' id='word_1_156' title='bbox 655 2070 877 2139; x_wconf 75' lang='lat' dir='ltr'><strong>misericordia</strong></span> <span class='ocrx_word' id='word_1_157' title='bbox 889 2070 1104 2138; x_wconf 83' lang='lat' dir='ltr'><strong>examinanda</strong></span> <span class='ocrx_word' id='word_1_158' title='bbox 1116 2071 1241 2138; x_wconf 79' lang='lat' dir='ltr'><strong>uide-s</strong></span> <span class='ocrx_word' id='word_1_159' title='bbox 1370 2071 1375 2096; x_wconf 94' lang='lat'><em>‘</em></span> 
     </span>
    </p>
   </div>
   <div class='ocr_carea' id='block_1_4' title="bbox 38 2159 1346 3233">
    <p class='ocr_par' dir='ltr' id='par_1_4' title="bbox 190 2159 1205 2228">
     <span class='ocr_line' id='line_1_22' title="bbox 190 2159 1205 2228; baseline 0.002 -2"><span class='ocrx_word' id='word_1_160' title='bbox 190 2159 312 2226; x_wconf 80' lang='lat' dir='ltr'><strong>batur?</strong></span> <span class='ocrx_word' id='word_1_161' title='bbox 347 2159 429 2227; x_wconf 91' lang='lat' dir='ltr'><strong>satis</strong></span> <span class='ocrx_word' id='word_1_162' title='bbox 460 2159 645 2228; x_wconf 87' lang='lat' dir='ltr'><strong>documenti</strong></span> <span class='ocrx_word' id='word_1_163' title='bbox 676 2160 834 2227; x_wconf 88' lang='lat' dir='ltr'><strong>dederunt</strong></span> <span class='ocrx_word' id='word_1_164' title='bbox 865 2159 919 2226; x_wconf 89' lang='lat' dir='ltr'><strong>ael</strong></span> <span class='ocrx_word' id='word_1_165' title='bbox 952 2159 1130 2226; x_wconf 86' lang='lat' dir='ltr'><strong>emittendo</strong></span> <span class='ocrx_word' id='word_1_166' title='bbox 1163 2159 1205 2228; x_wconf 87' lang='lat' dir='ltr'><strong>ad</strong></span> 
     </span>
    </p>

    <p class='ocr_par' dir='ltr' id='par_1_5' title="bbox 190 2247 1205 2334">
     <span class='ocr_line' id='line_1_23' title="bbox 190 2247 1205 2334; baseline 0.002 -20"><span class='ocrx_word' id='word_1_167' title='bbox 190 2248 294 2315; x_wconf 89' lang='lat' dir='ltr'><strong>uitam</strong></span> <span class='ocrx_word' id='word_1_168' title='bbox 321 2247 489 2316; x_wconf 88' lang='lat' dir='ltr'><strong>inimicum</strong></span> <span class='ocrx_word' id='word_1_169' title='bbox 516 2249 692 2316; x_wconf 84' lang='lat' dir='ltr'><strong>exercitum</strong></span> <span class='ocrx_word' id='word_1_170' title='bbox 718 2249 771 2315; x_wconf 91' lang='lat' dir='ltr'><strong>uel</strong></span> <span class='ocrx_word' id='word_1_171' title='bbox 799 2248 840 2315; x_wconf 89' lang='lat' dir='ltr'><strong>ad</strong></span> <span class='ocrx_word' id='word_1_172' title='bbox 866 2268 1008 2334; x_wconf 90' lang='lat' dir='ltr'><strong>poenam</strong></span> <span class='ocrx_word' id='word_1_173' title='bbox 1036 2269 1104 2315; x_wconf 93' lang='lat' dir='ltr'><strong>non</strong></span> <span class='ocrx_word' id='word_1_174' title='bbox 1126 2247 1205 2316; x_wconf 85' lang='lat' dir='ltr'><strong>recl·</strong></span> 
     </span>
    </p>

    <p class='ocr_par' dir='ltr' id='par_1_6' title="bbox 38 2335 1240 2426">
     <span class='ocr_line' id='line_1_24' title="bbox 38 2335 1240 2426; baseline -0.004 -23"><span class='ocrx_word' id='word_1_175' title='bbox 38 2395 39 2426; x_wconf 70' lang='lat'><strong>,</strong></span> <span class='ocrx_word' id='word_1_176' title='bbox 190 2337 309 2423; x_wconf 91' lang='lat' dir='ltr'><strong>piendo</strong></span> <span class='ocrx_word' id='word_1_177' title='bbox 338 2335 535 2405; x_wconf 82' lang='lat' dir='ltr'><strong>Mancinum</strong></span> <span class='ocrx_word' id='word_1_178' title='bbox 578 2335 792 2404; x_wconf 72' lang='lat' dir='ltr'><strong>Mancinum</strong></span> <span class='ocrx_word' id='word_1_179' title='bbox 824 2356 905 2424; x_wconf 77' lang='lat' dir='ltr'><strong>rogo</strong></span> <span class='ocrx_word' id='word_1_180' title='bbox 936 2335 1100 2403; x_wconf 91' lang='lat' dir='ltr'><strong>dedendus</strong></span> <span class='ocrx_word' id='word_1_181' title='bbox 1130 2337 1240 2423; x_wconf 63' lang='lat' dir='ltr'><strong>inita</strong></span> 
     </span>
    </p>

    <p class='ocr_par' dir='ltr' id='par_1_7' title="bbox 38 2423 1204 2518">
     <span class='ocr_line' id='line_1_25' title="bbox 38 2423 1204 2518; baseline 0 -26"><span class='ocrx_word' id='word_1_182' title='bbox 38 2435 39 2518; x_wconf 54' lang='grc' dir='ltr'><em>ᾗ</em></span> <span class='ocrx_word' id='word_1_183' title='bbox 150 2425 247 2511; x_wconf 61' lang='lat' dir='ltr'><strong>”qui</strong></span> <span class='ocrx_word' id='word_1_184' title='bbox 278 2424 359 2492; x_wconf 89' lang='lat' dir='ltr'><strong>uicti</strong></span> <span class='ocrx_word' id='word_1_185' title='bbox 389 2423 550 2492; x_wconf 82' lang='lat' dir='ltr'><strong>exercitus</strong></span> <span class='ocrx_word' id='word_1_186' title='bbox 577 2423 807 2511; x_wconf 85' lang='lat' dir='ltr'><strong>inpendentem</strong></span> <span class='ocrx_word' id='word_1_187' title='bbox 837 2423 1087 2492; x_wconf 84' lang='lat' dir='ltr'><strong>trucidationem</strong></span> <span class='ocrx_word' id='word_1_188' title='bbox 1109 2446 1204 2512; x_wconf 86' lang='lat' dir='ltr'><strong>prae-</strong></span> 
     </span>
    </p>

    <p class='ocr_par' dir='ltr' id='par_1_8' title="bbox 38 2511 1242 2888">
     <span class='ocr_line' id='line_1_26' title="bbox 38 2511 1204 2600; baseline 0.002 -20"><span class='ocrx_word' id='word_1_189' title='bbox 38 2531 39 2538; x_wconf 55' lang='lat'><em>*</em></span> <span class='ocrx_word' id='word_1_190' title='bbox 191 2516 283 2582; x_wconf 82' lang='lat' dir='ltr'><strong>tento</strong></span> <span class='ocrx_word' id='word_1_191' title='bbox 306 2511 446 2582; x_wconf 88' lang='lat' dir='ltr'><strong>umbone</strong></span> <span class='ocrx_word' id='word_1_192' title='bbox 469 2514 558 2599; x_wconf 88' lang='lat' dir='ltr'><strong>pacti</strong></span> <span class='ocrx_word' id='word_1_193' title='bbox 581 2512 721 2582; x_wconf 84' lang='lat' dir='ltr'><strong>foederis</strong></span> <span class='ocrx_word' id='word_1_194' title='bbox 744 2512 888 2600; x_wconf 76' lang='lat' dir='ltr'><strong>dispulit,</strong></span> <span class='ocrx_word' id='word_1_195' title='bbox 909 2513 965 2600; x_wconf 90' lang='lat' dir='ltr'><strong>qui</strong></span> <span class='ocrx_word' id='word_1_196' title='bbox 982 2513 1204 2600; x_wconf 75' lang='lat' dir='ltr'><strong>periclitantes</strong></span> 
     </span>
     <span class='ocr_line' id='line_1_27' title="bbox 191 2601 1242 2691; baseline -0.003 -21"><span class='ocrx_word' id='word_1_197' title='bbox 191 2603 317 2690; x_wconf 86' lang='lat' dir='ltr'><strong>patriae</strong></span> <span class='ocrx_word' id='word_1_198' title='bbox 339 2601 426 2670; x_wconf 89' lang='lat' dir='ltr'><strong>uires</strong></span> <span class='ocrx_word' id='word_1_199' title='bbox 449 2603 483 2670; x_wconf 90' lang='lat' dir='ltr'><strong>in</strong></span> <span class='ocrx_word' id='word_1_200' title='bbox 505 2601 642 2671; x_wconf 89' lang='lat' dir='ltr'><strong>meliora</strong></span> <span class='ocrx_word' id='word_1_201' title='bbox 663 2608 813 2691; x_wconf 86' lang='lat' dir='ltr'><strong>tempora</strong></span> <span class='ocrx_word' id='word_1_202' title='bbox 834 2602 1038 2670; x_wconf 84' lang='lat' dir='ltr'><strong>reseruauit?</strong></span> <span class='ocrx_word' id='word_1_203' title='bbox 1081 2607 1140 2671; x_wconf 89' lang='lat' dir='ltr'><strong>aut</strong></span> <span class='ocrx_word' id='word_1_204' title='bbox 1176 2604 1242 2670; x_wconf 87' lang='lat' dir='ltr'><strong>sic</strong></span> 
     </span>
     <span class='ocr_line' id='line_1_28' title="bbox 192 2654 1204 2781; baseline 0.002 -21"><span class='ocrx_word' id='word_1_205' title='bbox 192 2691 362 2781; x_wconf 90' lang='lat' dir='ltr'><strong>displicuit</strong></span> <span class='ocrx_word' id='word_1_206' title='bbox 396 2691 511 2761; x_wconf 77' lang='lat' dir='ltr'><strong>foedas</strong></span> <span class='ocrx_word' id='word_1_207' title='bbox 543 2692 630 2781; x_wconf 88' lang='lat' dir='ltr'><strong>quod</strong></span> <span class='ocrx_word' id='word_1_208' title='bbox 661 2697 795 2780; x_wconf 89' lang='lat' dir='ltr'><strong>pactum</strong></span> <span class='ocrx_word' id='word_1_209' title='bbox 826 2695 891 2778; x_wconf 89' lang='lat' dir='ltr'><strong>est,</strong></span> <span class='ocrx_word' id='word_1_210' title='bbox 927 2713 984 2760; x_wconf 86' lang='lat' dir='ltr'><strong>cur</strong></span> <span class='ocrx_word' id='word_1_211' title='bbox 1015 2691 1109 2759; x_wconf 91' lang='lat' dir='ltr'><strong>miles</strong></span> <span class='ocrx_word' id='word_1_212' title='bbox 1140 2654 1204 2762; x_wconf 84' lang='lat' dir='ltr'><strong>lroc</strong></span> 
     </span>
     <span class='ocr_line' id='line_1_29' title="bbox 191 2783 1206 2888; baseline 0 -38"><span class='ocrx_word' id='word_1_213' title='bbox 191 2783 328 2872; x_wconf 79' lang='lat' dir='ltr'><strong>pignore</strong></span> <span class='ocrx_word' id='word_1_214' title='bbox 345 2783 531 2871; x_wconf 86' lang='lat' dir='ltr'><strong>redemptus</strong></span> <span class='ocrx_word' id='word_1_215' title='bbox 550 2788 617 2870; x_wconf 80' lang='lat' dir='ltr'><strong>aut,</strong></span> <span class='ocrx_word' id='word_1_216' title='bbox 639 2805 713 2851; x_wconf 88' lang='lat' dir='ltr'><strong>cum</strong></span> <span class='ocrx_word' id='word_1_217' title='bbox 735 2785 961 2872; x_wconf 85' lang='lat' dir='ltr'><strong>reuerteretur,</strong></span> <span class='ocrx_word' id='word_1_218' title='bbox 982 2785 1131 2888; x_wconf 87' lang='lat' dir='ltr'><strong>receptus</strong></span> <span class='ocrx_word' id='word_1_219' title='bbox 1154 2787 1206 2852; x_wconf 90' lang='lat' dir='ltr'><strong>est</strong></span> 
     </span>
    </p>

    <p class='ocr_par' dir='ltr' id='par_1_9' title="bbox 151 2872 1346 3144">
     <span class='ocr_line' id='line_1_30' title="bbox 151 2872 1346 2961; baseline 0.002 -20"><span class='ocrx_word' id='word_1_220' title='bbox 151 2889 179 2933; x_wconf 67' lang='grc' dir='ltr'>υ</span> <span class='ocrx_word' id='word_1_221' title='bbox 192 2879 259 2960; x_wconf 82' lang='lat' dir='ltr'><strong>aut,</strong></span> <span class='ocrx_word' id='word_1_222' title='bbox 280 2895 354 2942; x_wconf 90' lang='lat' dir='ltr'><strong>cum</strong></span> <span class='ocrx_word' id='word_1_223' title='bbox 373 2877 583 2960; x_wconf 86' lang='lat' dir='ltr'><strong>repeteretur,</strong></span> <span class='ocrx_word' id='word_1_224' title='bbox 603 2873 749 2942; x_wconf 88' lang='lat' dir='ltr'><strong>redditus</strong></span> <span class='ocrx_word' id='word_1_225' title='bbox 766 2895 833 2942; x_wconf 92' lang='lat' dir='ltr'><strong>non</strong></span> <span class='ocrx_word' id='word_1_226' title='bbox 852 2872 924 2942; x_wconf 84' lang='lat' dir='ltr'><strong>est?</strong></span> <span class='ocrx_word' id='word_1_227' title='bbox 946 2875 1014 2960; x_wconf 86' lang='lat' dir='ltr'><strong>aut,</strong></span> <span class='ocrx_word' id='word_1_228' title='bbox 1036 2895 1066 2941; x_wconf 79' lang='lat' dir='ltr'><strong>er</strong></span> <span class='ocrx_word' id='word_1_229' title='bbox 1083 2873 1207 2961; x_wconf 88' lang='lat' dir='ltr'><strong>placuit</strong></span> <span class='ocrx_word' id='word_1_230' title='bbox 1339 2873 1346 2882; x_wconf 85' lang='lat'>&#39;</span> 
     </span>
     <span class='ocr_line' id='line_1_31' title="bbox 192 2961 1275 3052; baseline -0.001 -22"><span class='ocrx_word' id='word_1_231' title='bbox 192 2963 316 3031; x_wconf 87' lang='lat' dir='ltr'><strong>seruati</strong></span> <span class='ocrx_word' id='word_1_232' title='bbox 337 2963 453 3031; x_wconf 89' lang='lat' dir='ltr'><strong>militis</strong></span> <span class='ocrx_word' id='word_1_233' title='bbox 481 2962 662 3052; x_wconf 89' lang='lat' dir='ltr'><strong>qualisoum</strong></span> <span class='ocrx_word' id='word_1_234' title='bbox 685 2985 725 3031; x_wconf 94' lang='lat' dir='ltr'><strong>ue</strong></span> <span class='ocrx_word' id='word_1_235' title='bbox 752 2962 915 3050; x_wconf 87' lang='lat' dir='ltr'><strong>prouisio,</strong></span> <span class='ocrx_word' id='word_1_236' title='bbox 941 2984 999 3032; x_wconf 91' lang='lat' dir='ltr'><strong>cur</strong></span> <span class='ocrx_word' id='word_1_237' title='bbox 1024 2961 1205 3051; x_wconf 77' lang='lat' dir='ltr'><strong>Mancinus,</strong></span> <span class='ocrx_word' id='word_1_238' title='bbox 1252 2971 1275 3042; x_wconf 77' lang='grc'><strong>,’</strong></span> 
     </span>
     <span class='ocr_line' id='line_1_32' title="bbox 191 3047 865 3144; baseline 0 -23"><span class='ocrx_word' id='word_1_239' title='bbox 191 3053 248 3142; x_wconf 91' lang='lat' dir='ltr'><strong>qui</strong></span> <span class='ocrx_word' id='word_1_240' title='bbox 269 3052 334 3123; x_wconf 87' lang='lat' dir='ltr'><strong>boo</strong></span> <span class='ocrx_word' id='word_1_241' title='bbox 354 3075 396 3142; x_wconf 92' lang='lat' dir='ltr'><strong>pe</strong></span> <span class='ocrx_word' id='word_1_242' title='bbox 419 3052 493 3144; x_wconf 78' lang='lat' dir='ltr'><strong>igit,</strong></span> <span class='ocrx_word' id='word_1_243' title='bbox 516 3053 651 3122; x_wconf 89' lang='lat' dir='ltr'><strong>solusd</strong></span> <span class='ocrx_word' id='word_1_244' title='bbox 695 3047 758 3122; x_wconf 85' lang='lat' dir='ltr'><strong>&#39;tus</strong></span> <span class='ocrx_word' id='word_1_245' title='bbox 781 3050 865 3122; x_wconf 82' lang='lat' dir='ltr'><strong>iuit?</strong></span> 
     </span>
    </p>

    <p class='ocr_par' dir='ltr' id='par_1_10' title="bbox 256 3075 1239 3233">
     <span class='ocr_line' id='line_1_33' title="bbox 256 3075 1239 3233; baseline -0.006 -21"><span class='ocrx_word' id='word_1_246' title='bbox 256 3141 370 3232; x_wconf 88' lang='lat' dir='ltr'><strong>Nuper</strong></span> <span class='ocrx_word' id='word_1_247' title='bbox 391 3075 512 3230; x_wconf 67' lang='lat' dir='ltr'><strong>lamo,</strong></span> <span class='ocrx_word' id='word_1_248' title='bbox 533 3147 573 3212; x_wconf 89' lang='lat' dir='ltr'><strong>ut</strong></span> <span class='ocrx_word' id='word_1_249' title='bbox 593 3165 811 3233; x_wconf 85' lang='lat' dir='ltr'><strong>praepropera</strong></span> <span class='ocrx_word' id='word_1_250' title='bbox 832 3163 944 3232; x_wconf 75' lang='lat' dir='ltr'><strong>pugna</strong></span> <span class='ocrx_word' id='word_1_251' title='bbox 966 3141 1116 3231; x_wconf 87' lang='lat' dir='ltr'><strong>iniretur,</strong></span> <span class='ocrx_word' id='word_1_252' title='bbox 1138 3142 1239 3212; x_wconf 85' lang='lat' dir='ltr'><strong>col-r</strong></span> 
     </span>
    </p>
   </div>
   <div class='ocr_carea' id='block_1_5' title="bbox 149 3231 1204 3592">
    <p class='ocr_par' dir='ltr' id='par_1_11' title="bbox 149 3231 1204 3592">
     <span class='ocr_line' id='line_1_34' title="bbox 190 3231 1203 3323; baseline 0.001 -23"><span class='ocrx_word' id='word_1_253' title='bbox 190 3231 299 3322; x_wconf 78' lang='lat' dir='ltr'><strong>legem</strong></span> <span class='ocrx_word' id='word_1_254' title='bbox 317 3233 454 3302; x_wconf 87' lang='lat' dir='ltr'><strong>Paulum</strong></span> <span class='ocrx_word' id='word_1_255' title='bbox 472 3233 696 3303; x_wconf 86' lang='lat' dir='ltr'><strong>obluctantem</strong></span> <span class='ocrx_word' id='word_1_256' title='bbox 713 3233 854 3323; x_wconf 89' lang='lat' dir='ltr'><strong>impulit,</strong></span> <span class='ocrx_word' id='word_1_257' title='bbox 875 3231 1093 3322; x_wconf 82' lang='lat' dir='ltr'><strong>trepidantem</strong></span> <span class='ocrx_word' id='word_1_258' title='bbox 1110 3253 1203 3321; x_wconf 84' lang='lat' dir='ltr'><strong>prae·</strong></span> 
     </span>
     <span class='ocr_line' id='line_1_35' title="bbox 149 3321 1203 3413; baseline 0.005 -27"><span class='ocrx_word' id='word_1_259' title='bbox 149 3339 177 3384; x_wconf 83' lang='lat' dir='ltr'><strong>rs</strong></span> <span class='ocrx_word' id='word_1_260' title='bbox 190 3322 340 3410; x_wconf 88' lang='lat' dir='ltr'><strong>cipiteuit</strong></span> <span class='ocrx_word' id='word_1_261' title='bbox 360 3322 547 3410; x_wconf 84' lang='lat' dir='ltr'><strong>exercitum,</strong></span> <span class='ocrx_word' id='word_1_262' title='bbox 568 3323 714 3394; x_wconf 77' lang='lat' dir='ltr'><strong>infelices</strong></span> <span class='ocrx_word' id='word_1_263' title='bbox 737 3346 776 3394; x_wconf 94' lang='lat' dir='ltr'><strong>co</strong></span> <span class='ocrx_word' id='word_1_264' title='bbox 798 3323 849 3392; x_wconf 88' lang='lat' dir='ltr'><strong>ias</strong></span> <span class='ocrx_word' id='word_1_265' title='bbox 867 3323 953 3413; x_wconf 90' lang='lat' dir='ltr'><strong>apud</strong></span> <span class='ocrx_word' id='word_1_266' title='bbox 971 3322 1110 3392; x_wconf 81' lang='lat' dir='ltr'><strong>miames</strong></span> <span class='ocrx_word' id='word_1_267' title='bbox 1127 3321 1203 3391; x_wconf 84' lang='lat' dir='ltr'><strong>illas</strong></span> 
     </span>
     <span class='ocr_line' id='line_1_36' title="bbox 190 3347 1204 3520; baseline 0.002 -40"><span class='ocrx_word' id='word_1_268' title='bbox 190 3409 348 3481; x_wconf 78' lang='lat' dir='ltr'><strong>ltommir</strong></span> <span class='ocrx_word' id='word_1_269' title='bbox 366 3411 511 3483; x_wconf 83' lang='lat' dir='ltr'><strong>cladibus</strong></span> <span class='ocrx_word' id='word_1_270' title='bbox 531 3411 661 3485; x_wconf 80' lang='lat' dir='ltr'><strong>Oannar</strong></span> <span class='ocrx_word' id='word_1_271' title='bbox 682 3435 750 3484; x_wconf 90' lang='lat' dir='ltr'><strong>non</strong></span> <span class='ocrx_word' id='word_1_272' title='bbox 772 3347 936 3520; x_wconf 81' lang='lat' dir='ltr'><strong>lisposait</strong></span> <span class='ocrx_word' id='word_1_273' title='bbox 956 3411 1128 3484; x_wconf 63' lang='lat' dir='ltr'><strong>conamini</strong></span> <span class='ocrx_word' id='word_1_274' title='bbox 1146 3412 1204 3483; x_wconf 92' lang='lat' dir='ltr'><strong>sed</strong></span> 
     </span>
     <span class='ocr_line' id='line_1_37' title="bbox 190 3500 1203 3592; baseline 0.008 -26"><span class='ocrx_word' id='word_1_275' title='bbox 190 3500 345 3586; x_wconf 87' lang='lat' dir='ltr'><strong>opposuit</strong></span> <span class='ocrx_word' id='word_1_276' title='bbox 365 3502 479 3588; x_wconf 80' lang='lat' dir='ltr'><strong>morti3</strong></span> <span class='ocrx_word' id='word_1_277' title='bbox 501 3503 576 3590; x_wconf 88' lang='lat' dir='ltr'><strong>plns</strong></span> <span class='ocrx_word' id='word_1_278' title='bbox 598 3525 695 3592; x_wconf 85' lang='lat' dir='ltr'><strong>quam</strong></span> <span class='ocrx_word' id='word_1_279' title='bbox 717 3523 766 3572; x_wconf 82' lang='lat' dir='ltr'><strong>xa</strong></span> <span class='ocrx_word' id='word_1_280' title='bbox 790 3503 883 3572; x_wconf 87' lang='lat' dir='ltr'><strong>nulia</strong></span> <span class='ocrx_word' id='word_1_281' title='bbox 903 3504 951 3573; x_wconf 90' lang='lat' dir='ltr'><strong>ibi</strong></span> <span class='ocrx_word' id='word_1_282' title='bbox 974 3503 1115 3572; x_wconf 87' lang='lat' dir='ltr'><strong>militum</strong></span> <span class='ocrx_word' id='word_1_283' title='bbox 1137 3501 1203 3574; x_wconf 86' lang='lat' dir='ltr'><strong>Ro-</strong></span> 
     </span>
    </p>
   </div>
   <div class='ocr_carea' id='block_1_6' title="bbox 0 0 1425 3784">
    <p class='ocr_par' dir='ltr' id='par_1_12' title="bbox 0 0 1425 3784">
     <span class='ocr_line' id='line_1_38' title="bbox 0 0 1425 3784; baseline 0 0"><span class='ocrx_word' id='word_1_284' title='bbox 0 0 1425 3784; x_wconf 95' lang='lat' dir='ltr'><strong> </strong></span> 
     </span>
    </p>
   </div>
  </div>
 </body>
</html>
