2806 3788
398 100 596 154 manasen
612 97 778 154 rsosnos
795 99 853 152 nn
870 102 897 154 e.
1091 95 1156 163 109
1264 169 1269 176 ,
1371 170 1372 185 ,

140 247 276 310 necatus
294 245 355 310 est
386 263 504 330 corpus
523 241 713 310 uerberibus
730 241 873 309 lacerum
892 241 979 309 cruci
994 241 1157 328 suffixum,
1174 250 1210 304 sc

142 331 202 400 filii
229 332 423 420 cognatique
450 351 563 398 omnes
586 329 744 418 supplicio
767 329 895 416 traditi,
920 351 963 400 ne
985 329 1059 418 qais
1082 349 1157 397 enm

143 421 288 489 eiusdem
310 421 454 490 familiae
477 443 631 508 umquam
653 423 712 488 eat
733 419 856 488 imitari
879 428 934 490 aut
957 418 1070 488 ulcisci
1092 441 1157 486 me·

143 511 310 578 ditaretur.
354 511 435 578 luaec
456 510 660 596 temporibus
682 509 829 597 Philippi
852 514 946 597 gesta
968 514 1054 577 sunt.

116 615 147 658 o·
209 597 291 668 Post
311 598 394 667 haec
411 597 698 687 Carthaginienses
721 620 795 665 cum
813 597 936 684 Tyrum
957 598 1081 683 urbem,
1103 619 1157 665 au·
1174 607 1209 661 au
1341 639 1347 688 3
1368 648 1372 672 ,

142 691 267 756 ctorem
298 687 433 776 originis
468 708 562 774 suae,
594 687 637 755 ab
663 685 849 755 Alexandro
876 685 998 775 Magno
1028 691 1158 773 captam

143 797 354 863 coenamque
389 776 592 861 didicissent,
628 776 780 843 timentes
813 777 989 843 transitum
1020 777 1091 843 eins
1122 777 1159 843 in
1232 837 1236 844 .

143 863 289 930 Africam
316 863 477 950 turturum,
504 863 724 966 Hamilcarem
751 865 913 966 quendam
940 868 1159 951 cognomento

144 950 354 1038 Rhodanum,
384 952 492 1018 uirum
525 951 678 1018 imundra
705 951 914 1038 sollertiaque
940 951 1160 1038 praecipuum,

105 1057 132 1100 ιο
145 1039 187 1107 ad
209 1040 459 1127 perscrutandos
481 1039 660 1108 Alexandri
681 1044 774 1108 sotus
797 1038 993 1109 direxerunt
1023 1041 1083 1129 qui¹
1102 1062 1161 1128 per
1176 1049 1212 1102 ¹¹
1343 1098 1347 1115 .
1370 1126 1375 1140 ι

144 1129 394 1198 Parmenionem
416 1129 511 1218 quasi
532 1129 899 1234 hansfugagerceptus,
913 1129 1029 1198 dehinc
1046 1130 1082 1197 in
1100 1129 1160 1196 mi·

144 1218 251 1284 litiam
273 1219 361 1306 regis
383 1217 544 1285 admisem
566 1239 678 1285 omme
700 1219 825 1286 crnibus
849 1239 918 1285 sous
941 1240 1000 1304 per
1019 1219 1160 1286 tabellas

145 1307 284 1392 scriptas
302 1312 337 1373 et
355 1311 432 1393 post
449 1327 523 1374 cera
541 1307 717 1410 superlitas
736 1306 939 1375 enuntiabat
970 1307 1057 1413 hone
1075 1327 1160 1375 mor·

144 1573 247 1639 etiam
268 1572 392 1641 cnrdeli
412 1571 538 1640 inuidia
558 1578 775 1641 uocauerunt·
801 1572 916 1641 deinde
933 1596 1007 1641 cum
1024 1573 1216 1641 adsiduam
1329 1569 1347 1659 ¹l
1393 1545 1394 1554 ἵ

8 1671 13 1730 ζ
144 1682 205 1728 nec
227 1683 381 1749 nmquam
405 1661 488 1730 natis
510 1682 666 1748 prospers
683 1661 838 1730 aduersus
857 1659 983 1730 Siculos
1001 1663 1089 1731 bella
1107 1684 1162 1751 ge·

145 1754 255 1817 rorent
276 1754 311 1818 at
324 1749 504 1837 Syracusas
526 1751 641 1818 arbem
654 1748 785 1819 Siciliae
802 1754 881 1819 tunc
898 1751 1162 1820 florentissimam

146 1839 316 1907 obsidione
348 1839 541 1925 cinxissent,
572 1861 631 1926 per
656 1839 862 1928 Agathoclea
890 1837 1020 1909 Siciliae
1051 1862 1163 1928 regem

105 1927 229 1995 »miro
257 1929 470 1995 circumuenti
497 1928 629 2014 ingenio
656 1949 757 2015 nsque
782 1929 823 1994 ad
845 1933 989 1996 extronm
1011 1931 1163 2016 despera·

145 2015 245 2082 tionis
277 2014 406 2083 adducti
438 2019 524 2082 sunt
568 2037 709 2104 namque
738 2016 938 2103 Agathoclea
971 2039 1043 2084 oum
1076 2017 1163 2103 apud
1181 2027 1217 2080 u

146 2101 324 2190 Syracusae
347 2126 368 2172 a
385 2101 711 2192 Carthaginiensibus
729 2105 931 2175 obsideretur
947 2126 986 2175 ac
1004 2127 1039 2175 se
1057 2127 1163 2196 neque

57 2218 79 2260 a
93 2193 232 2264 rabello
258 2215 370 2279 parem
392 2193 555 2261 instructu
577 2194 743 2280 copiarum
764 2192 880 2281 nelqne
903 2195 1085 2263 obsidionis
1106 2219 1163 2300 pa·

146 2281 281 2348 tientem
299 2281 537 2368 stipendiorum
555 2282 753 2350 sufficientia
770 2283 905 2368 uideret,
926 2282 1010 2351 hene
1027 2306 1162 2372 prouuso

108 2385 135 2429 ὓ
149 2391 187 2438 ac
204 2370 322 2437 melius
340 2369 545 2438 dissimulato
565 2373 702 2440 consilio
721 2372 755 2438 in
768 2371 914 2441 Africam
932 2393 1007 2440 eom
1020 2375 1171 2443 exercitu
1228 2431 1235 2442 .

146 2458 289 2526 transiit.
333 2459 381 2527 ibi
410 2459 479 2526 suis
509 2458 587 2548 quid
615 2459 771 2528 molistm
796 2461 916 2548 aperit,
946 2461 1072 2566 deinde·
1085 2463 1163 2549 quid

147 2547 235 2614 lacto
262 2568 345 2632 opus
368 2547 412 2614 sit
425 2547 537 2615 docet
581 2548 658 2615 ilico
680 2549 877 2616 unanimiter
898 2570 998 2617 naues
1044 2573 1163 2618 ramum
1180 2560 1217 2613 so
1332 2597 1336 2608 .
1373 2503 1379 2599 l

146 2633 181 2701 in
209 2633 327 2722 quibus
349 2655 470 2702 uenere
493 2635 707 2722 succendunt,
733 2658 773 2703 ne
797 2658 862 2722 qna
884 2659 958 2723 spes
1031 2638 1164 2726 ugiendi

145 2721 246 2808 ioret3
267 2722 344 2790 dein
367 2745 441 2790 cum
464 2723 574 2790 omnia
591 2724 628 2790 in
645 2745 729 2810 quae
746 2724 918 2793 ᾶὶτοιίεεοῐ
933 2729 1164 2814 prosterneret,

106 2827 135 2872 eo
148 2809 246 2878 uillas
264 2812 464 2899 eutellaque
482 2811 675 2900 incenderet,
696 2813 894 2881 Hannonem
912 2813 1072 2901 quendam
1090 2825 1163 2884 cum

146 2899 285 2988 triginta
306 2900 438 2968 milibus
457 2899 642 2969 Poenorum
665 2901 796 2970 obuiam
818 2901 943 2972 habuit
976 2925 1072 2992 quem
1090 2906 1166 2973 cum

147 2988 274 3058 duobus
305 2989 439 3059 milibus
472 3012 606 3059 suorum
636 2990 814 3080 interfecit;
845 2993 917 3081 ipse
946 2996 1055 3062 autem
1082 2994 1163 3065 duos
1346 3001 1350 3063 ἑ
1393 3023 1394 3052 i

147 3083 279 3147 tantum
305 3079 341 3146 in
367 3100 405 3147 eo
428 3079 515 3147 bello
538 3079 689 3169 perdidit
734 3103 800 3170 qna
819 3103 932 3170 pagna
953 3087 988 3150 et
1008 3083 1218 3153 Afrorumss
1345 3072 1350 3143 l
1393 3123 1394 3152 l

147 3168 266 3238 animis
297 3167 529 3238 incredibiliter
552 3168 674 3240 nescu
700 3173 735 3240 et
760 3193 894 3241 suorum
919 3169 956 3242 in
981 3170 1165 3243 inmensum
1346 3166 1350 3179 '

107 3275 135 3320 sa
148 3257 252 3327 auctis
283 3260 381 3328 urbes
412 3259 610 3348 castellaque
640 3266 819 3350 expugnat,
848 3263 987 3351 praedas
1014 3263 1164 3353 ingentes

148 3347 227 3436 agit,
247 3348 395 3416 hostium
416 3347 522 3417 multa
544 3347 638 3418 milia
658 3351 810 3421 nudos
855 3356 964 3420 cntra
985 3351 1100 3421 deinde
1121 3353 1222 3422 adar

149 3437 299 3525 quintum
315 3437 459 3526 lapidem
476 3435 711 3529 aOarthagins
729 3439 856 3528 statuit,
873 3441 1163 3513 atdamnarerum
1258 3513 1261 3520 ,
1346 3446 1350 3526 ξ

1393 3565 1394 3602 l
