2714 3788
227 103 296 171 2⁷0
472 106 581 159 rnvnr
599 105 723 158 ouosn
740 103 989 158 msuomruvrr

229 248 321 316 butio
344 247 513 314 diuturnas
535 267 662 314 orrurur
686 269 724 314 ιο
746 267 849 334 paene
871 245 1061 313 motabiles
1083 245 1236 313 tenebrae

226 335 356 416 habuit,
381 336 455 422 plur
483 335 617 403 omnino
643 335 778 421 periculi
805 334 1004 402 comminuta
1026 355 1123 421 quam
1145 333 1238 401 leuitt

227 423 282 491 bio
302 423 417 490 itidem
437 444 526 490 nona
547 424 711 509 eorruplio
732 423 811 506 fuit,
833 443 907 489 eum
929 423 1107 490 Aureliano
1130 443 1236 508 perre-

228 512 389 578 outionem
410 510 596 577 decernenti
618 509 697 577 dirir
715 510 902 577 turbinibus
919 509 1067 578 terribile
1084 531 1123 576 ιο
1139 510 1236 577 triute

225 599 349 666 fulmen
375 599 436 666 rub
462 597 545 683 iprir
570 597 707 684 pedibur
734 599 801 665 ruit
827 598 1014 684 ortendunr,
1041 597 1132 684 qnid,
1160 612 1263 664 eume

165 767 166 770 Ἴ
190 707 192 712 ·
226 687 308 753 ultio
326 687 404 753 talir
423 685 576 772 exigeret,
593 689 705 753 tantm
723 685 830 772 porrit
847 685 945 770 ultor,
963 684 1026 752 uiui
1045 690 1080 752 ut
1095 685 1236 752 elumenr

226 777 313 841 urrut
334 778 369 840 et
389 773 532 860 prtiuuu;
555 795 753 860 quamquem
775 774 864 840 intra
886 795 943 840 rex
966 773 1086 840 abhino
1108 795 1237 840 munrur

225 866 293 928 trer
307 860 451 928 rucoidui
464 860 685 946 imperatorer,
703 861 767 928 hoo
784 864 835 927 ert
847 861 1043 927 Aurelianus
1057 861 1190 928 'labitur
1204 864 1238 926 ut

177 963 210 1013 rr
228 947 412 1033 Florianus,
429 947 566 1015 diuenir
584 949 691 1016 eanrir
709 948 872 1016 interlecti
890 951 976 1016 runt.
1006 947 1054 1014 ibi
1072 952 1236 1035 postremo

225 1037 351 1107 dueima
371 1038 485 1128 plaga,
506 1059 590 1125 quae
612 1041 646 1106 et
666 1037 847 1106 nouiurimu
868 1036 1014 1104 omnium
1037 1036 1115 1122 luit,
1137 1038 1279 1105 inter-1⁰

224 1127 323 1198 suedo
354 1127 509 1215 liliorum,
541 1149 623 1218 quor
654 1127 778 1218 primur
809 1125 928 1218 quique
960 1131 1152 1217 genueruntr
1183 1127 1237 1196 hio

223 1219 330 1286 nihilo
343 1218 451 1286 minur
464 1219 591 1286 decima
603 1218 636 1285 id
650 1223 703 1286 ert
715 1219 895 1286 nouirrima
908 1241 1015 1307 poena
1028 1221 1079 1286 ert
1092 1218 1235 1286 omnium

223 1305 365 1460 purdlit‘ig
400 1305 576 1391 idolorum
616 1327 700 1391 quae
739 1305 892 1391 primitur
927 1305 1016 1373 iaetu
1051 1306 1086 1372 in
1122 1306 1237 1391 primia

222 1414 297 1459 ama
361 1397 385 1459 t

171 1492 208 1543 ιι
290 1481 342 1548 Ibi
367 1501 425 1548 rex
455 1478 638 1566 potentium
666 1477 728 1546 Dei
755 1481 859 1548 renuit
884 1479 1038 1566 probauit
1064 1484 1099 1546 et
1124 1479 1274 1548 tinnitu

224 1589 263 1637 ae
285 1591 343 1656 pur
364 1567 427 1636 hoe
448 1567 606 1656 populum
628 1565 692 1634 Dei
713 1567 853 1636 liberum
876 1567 966 1635 abire
993 1567 1155 1657 permiuit:
1181 1568 1236 1636 hio

223 1679 280 1726 rex
302 1657 484 1744 potentiam
507 1655 569 1724 Dei
592 1657 698 1724 renuit
718 1657 871 1745 probauit
893 1662 927 1724 et
948 1657 1086 1726 credidit
1110 1679 1149 1724 ιο
1174 1678 1235 1745 per

221 1745 285 1815 hoe
315 1747 473 1833 populum
502 1744 564 1813 Dei
596 1746 733 1814 liberum
765 1769 836 1815 erre
868 1747 1024 1834 permirit
1068 1745 1115 1814 ibi
1145 1767 1235 1814 num·

222 1857 321 1924 quam
337 1840 453 1922 portur
469 1834 610 1921 populor
629 1832 692 1902 Dei
714 1835 757 1902 ad
772 1836 966 1942 rumitutum
983 1840 1158 1940 retraotuu:
1181 1836 1235 1903 bio

223 1923 1088 2102 {ltqtlffilltttltzlslsslltldt
1103 1929 1234 2082 tulo:
1247 1940 1274 1983 ’⁰

225 2107 314 2170 runt:
336 2102 390 2170 hio
412 2103 448 2170 iu
469 2103 622 2171 epularier
646 2099 914 2172 l(lhrirtianorurn
936 2102 1112 2190 praecipue
1133 2125 1232 2192 paga·
1245 2117 1307 2172 reru

172 2201 207 2254 rr
222 2212 339 2259 norum
366 2191 492 2276 templu
512 2195 689 2260 currerunt
734 2214 813 2259 rane
835 2190 929 2277 illud,
954 2197 993 2258 ut
1015 2190 1091 2278 dixi,
1112 2192 1234 2259 denun-

221 2277 370 2346 tiandum
396 2281 493 2365 puto,
543 2278 611 2364 nir,
638 2279 722 2346 aiunt
744 2278 915 2368 Aegyptiis
942 2284 1018 2365 port
1039 2278 1100 2346 bur
1122 2278 1232 2346 dueum

220 2367 338 2458 plegae
360 2365 513 2436 dimirr'or
569 2367 705 2436 ebraeor
727 2368 878 2457 perrequi
900 2366 1109 2437 molientibur
1131 2367 1273 2436 inroitu

131 2509 133 2514 -
221 2479 281 2546 per
308 2458 533 2546 rupurduetnm
565 2479 654 2526 muru
683 2463 817 2527 aemma
844 2457 999 2546 perditio,
1030 2459 1078 2526 ita
1109 2463 1144 2527 et
1171 2479 1233 2527 nor

221 2547 351 2634 quidem
365 2547 479 2615 ‘libere
505 2547 749 2634 peregrinantur
776 2552 1013 2635 ruperuuntura
1038 2547 1232 2634 quandoque

220 2635 403 2722 penauntio
425 2635 598 2722 gentilium
620 2641 741 2722 manet,
761 2637 865 2703 donee
882 2657 973 2703 muru
990 2635 1148 2721 Rubrum,
1169 2637 1233 2704 hou

219 2733 272 2792 ert
296 2724 408 2813 ignem
434 2723 560 2810 iudioii,
592 2723 666 2812 ipro
696 2725 829 2808 domino
855 2729 970 2793 uortro
998 2723 1073 2792 Ieru
1100 2721 1230 2793 Chrirto

168 2823 202 2875 ²⁶
220 2812 300 2881 duor
322 2817 357 2881 et
377 2812 482 2880 iudior
504 2817 716 2882 tranrurmur
751 2814 787 2882 hi
809 2835 897 2901 uero,
918 2813 955 2881 in
973 2835 1055 2901 quor
1072 2814 1230 2902 Aegypti·
1244 2831 1271 2874 ω

220 2922 314 2969 ornm
336 2901 444 2968 iormr
466 2899 718 2988 musionium,
741 2903 901 2990 permiruu
923 2902 965 2969 ad
986 2910 1116 3006 tempor
1137 2906 1228 2990 poto·

223 2993 310 3058 rtatr
345 2987 526 3057 rauuiunter
563 2990 766 3076 grenirrimiu
802 2990 933 3078 quidum
969 3012 1129 3076 permrrru
1166 2989 1228 3057 Dei

220 3075 423 3146 (lhrirt‘anor
436 3077 632 3146 ornoirtibuu
645 3083 890 3167 paruoquentur3
905 3083 1129 3146 uerumtumen
1143 3079 1228 3146 idem

220 3186 335 3234 omnrr
361 3166 486 3234 inimioi
512 3163 637 3234 Olarirti
663 3189 736 3235 oum
763 3189 840 3255 regu
867 3189 928 3236 ruo
950 3167 1153 3235 Antiohrirto
1176 3189 1227 3236 ao·

278 3254 306 3323 ti
432 3276 453 3324 ο
481 3255 567 3344 ignir
596 3257 734 3343 reterri,
765 3255 853 3344 quod
881 3275 1004 3345 mugna
1030 3255 1227 3345 impediente
1240 3269 1269 3314 π

220 3275 361 3435 mulne
398 3367 456 3414 um
476 3365 544 3414 non
565 3343 695 3414 uidetur
711 3345 863 3433 intretur,
885 3348 1077 3434 perpetuam
1094 3345 1228 3434 perditi·

117 3447 121 3456 '
220 3455 317 3504 onum
337 3433 578 3519 immertahbur
601 3435 707 3506 rrruri
729 3434 897 3525 rupplioiir
920 3435 1106 3506 rortientur.
