2806 3788
345 138 542 191 nnvnssvrr
559 137 724 192 essenos
742 138 784 190 m
804 140 917 193 rs-ro.
1096 132 1138 200 8'l

127 279 226 368 regri,
248 279 376 346 uiribus
399 277 479 346 lessi
497 277 628 344 difficile
646 277 810 363 uicissent,
832 283 940 344 cestro
957 277 1000 344 ob
1018 299 1139 345 memo·

127 368 210 438 riom
233 368 308 456 plus
331 367 430 435 solito
448 365 623 454 magnifice
640 365 862 434 condiderunt
897 366 982 433 exim
1000 365 1139 434 Alexan·
1157 375 1175 429 e

126 460 184 528 der
206 459 246 528 ed
268 480 397 527 omnem
412 457 588 547 Agesinem
606 456 727 548 pergit3
750 479 809 547 per
825 457 912 526 hunc
926 455 962 524 in
976 453 1140 526 Oceanum

128 548 312 616 deuehiturr
340 548 386 615 ibi
410 547 557 616 Gesonae
580 545 754 634 Sibosque,
781 569 863 634 quos
884 546 1042 615 Hercules
1065 569 1140 614 con·

38 665 61 707 e
74 653 113 696 rer
127 637 223 722 didit,
246 635 419 723 oppressit.
464 636 541 702 hinc
565 632 608 702 lio
629 633 783 703 Mandros
806 639 840 703 st
861 633 1026 722 Subagros
1048 637 1142 703 neni·

99 729 199 812 egre:
221 744 304 812 quse
328 729 442 878 {entes
466 744 540 791 eum
562 725 699 791 ermetis
718 741 818 790 nm
841 723 971 791 milibus
994 723 1140 809 pediturn

126 818 162 880 et
187 831 236 880 nx
262 813 332 880 mili
355 835 394 880 us
422 812 567 899 equitum
593 813 768 899 excipiunt
812 813 986 881 commisso
1013 811 1174 899 proelior

126 902 182 969 diu
213 923 332 988 snoeps
366 906 399 968 et
425 906 559 969 cruente
585 922 696 988 pugne
721 900 854 969 tendens
881 901 1010 968 tristem
1037 921 1139 988 poene

126 990 298 1058 uictoriam
320 987 554 1057 Macedonibus
576 989 675 1056 dedit
715 1010 794 1057 nem
817 988 898 1056 iuris
920 989 1064 1056 hostium
1087 1011 1142 1056 co·

86 1093 114 1136 ιο
125 1077 190 1163 piis
208 1076 393 1145 Alexander
410 1079 587 1146 exercitum
605 1078 648 1144 od
667 1078 780 1145 urbem
798 1077 906 1165 duxit,
928 1082 1052 1145 etcum
1071 1099 1142 1145 mu·

125 1165 1175 1344 {ltilllum-⁶tllrltmlltllletltztit0

125 1342 422 1429 circumdedissent,
442 1343 631 1411 incredibile
650 1344 739 1411 dictu
758 1349 809 1411 est
825 1346 864 1409 ut
881 1365 955 1410 eum
972 1364 1040 1411 non
1057 1343 1139 1410 roul-

124 1429 229 1496 titudo
257 1430 415 1515 hostium,
441 1453 508 1499 non
535 1430 585 1499 uis
609 1453 731 1519 megne
753 1432 907 1514 telorum,
936 1453 1004 1498 non
1026 1436 1139 1498 tentus
1176 1449 1177 1452 ’

85 1531 112 1576 1⁵
125 1517 353 1586 lacessentium
376 1519 500 1587 chmor
517 1519 678 1605 terruerit,
701 1519 793 1587 solus
810 1523 862 1586 tot
879 1519 972 1587 milis
988 1517 1141 1586 ceciderit

124 1628 163 1674 eo
185 1606 317 1695 fugerit
358 1609 473 1676 stubi
496 1630 530 1676 so
553 1607 647 1676 obrui
670 1632 691 1677 s
713 1607 908 1677 circumduce
929 1607 1176 1677 multitudines

123 1697 298 1782 persensit,
329 1696 415 1764 muri
447 1697 539 1767 obice
570 1698 755 1786 posteriore
783 1702 926 1784 tutotus,
957 1698 1140 1766 contrarios

124 1783 251 1854 facilius
279 1808 317 1853 eo
345 1808 447 1874 usque
474 1786 645 1873 sustinuit,
672 1786 775 1856 donoc
802 1786 844 1855 nd
865 1787 1045 1876 periculum
1069 1786 1139 1855 eius

124 1873 361 1963 clamoremque
378 1875 523 1944 hostium
541 1875 712 1963 perfractis
734 1877 835 1945 muris
854 1877 1012 1946 exercitus
1030 1876 1140 1946 omnis

83 1963 332 2052 »inrumperet
377 1965 413 2032 in
447 1988 486 2034 eo
514 1965 637 2052 proelio
665 1966 789 2056 segittn
816 1967 877 2035 sub
904 1988 1048 2034 mommo
1074 1971 1195 2034 tro-10
1328 2034 1333 2042 ,

36 2079 58 2120 r·
72 2069 111 2112 Μ
125 2053 236 2140 iectus,
258 2054 323 2121 flro
346 2075 432 2144 genu
457 2055 599 2123 'eotenus
623 2057 791 2144 pugnauit,
814 2055 916 2124 donec
939 2078 1013 2124 enm
1035 2077 1056 2123 s
1076 2077 1140 2143 quo

124 2143 314 2210 uulneratus
346 2148 432 2210 esset
464 2144 632 2212 occideret
677 2143 752 2212 indo
784 2145 969 2213 conscensis
1000 2146 1139 2214 neuibus
1160 2157 1192 2209 ιι

124 2251 199 2299 cum
221 2229 343 2300 Ooeeni
366 2232 465 2300 litore
487 2238 686 2321 peragraret,
709 2233 749 2302 ed
773 2233 887 2302 urbem
905 2233 1069 2322 quendem
1087 2233 1140 2302 cui

124 2319 263 2387 Ambiro
293 2342 351 2388 rex
378 2325 527 2408 proceret
552 2323 709 2409 peruenit
754 2321 811 2389 sed
839 2323 873 2392 in
901 2345 985 2411 orpu
1050 2323 1140 2391 tione

83 2425 111 2469 rr
125 2408 270 2478 ciuitatis
300 2432 455 2500 mngnom
487 2416 613 2498 portem
645 2411 804 2480 exercitus
834 2411 967 2500 sagittis
1019 2412 1140 2481 ostium

125 2520 251 2566 ueneno
274 2499 377 2566 inlitis
400 2499 518 2587 emisit,
540 2522 579 2568 eo
601 2507 678 2588 post
695 2500 796 2569 herbe
815 2523 873 2587 per
891 2501 1055 2570 somnium
1075 2501 1140 2569 sibi

124 2592 255 2656 ostenso
272 2593 307 2657 et
324 2588 360 2656 in
378 2593 493 2676 potum
511 2590 630 2658 soucii's
648 2589 725 2658 dots
743 2611 817 2658 oum
835 2589 969 2678 reliquis
987 2589 1140 2659 subueni-

125 2683 223 2764 retur,
245 2680 359 2748 urbem
382 2679 586 2771 expugnauit
607 2685 642 2748 et
664 2679 759 2769 cepit

191 2767 271 2836 Post
293 2769 387 2859 qussi
409 2771 606 2839 circumacto
627 2776 716 2839 meto
738 2771 778 2838 de
795 2769 924 2839 Oceano
941 2769 1060 2839 Indum
1080 2771 1138 2839 flu·
1152 2776 1193 2836 tt

85 2871 113 2915 κ
126 2878 201 2924 men
225 2857 404 2946 ingressus,
432 2857 641 2946 Bebylonem
665 2859 813 2928 celeriter
834 2859 940 2930 rediit.
984 2859 1041 2928 ubi
1062 2871 1174 2928 cumr

125 2948 351 3017 exterritarum
373 2949 475 3019 totius
501 2949 589 3018 orbis
611 2949 852 3040 prouinciarum
874 2951 976 3040 legeti
993 2949 1139 3038 opperie-
1194 3013 1197 3020 ⁴

125 3036 259 3124 bantur,
290 3038 353 3107 hoc
384 3045 435 3108 est
463 3037 782 3130 Carthaginiensium
815 3040 981 3128 totiusque
1006 3039 1139 3110 Atticos

125 3125 308 3212 sinuum,
335 3128 391 3196 sed
420 3134 454 3196 et
476 3128 696 3216 Hispanorum
718 3128 887 3197 Gallorum
910 3128 1040 3198 Siciliae
1063 3128 1140 3198 Sur·

35 3237 59 3278 s
71 3229 111 3272 ω
125 3212 312 3303 dinieeque,
340 3213 509 3304 plulrinree
536 3222 704 3304 prseteres
731 3218 835 3304 pertis
858 3217 981 3286 Iteliee.
1023 3221 1137 3285 tentus
1156 3227 1174 3281 8

83 3319 111 3362 u
123 3303 224 3371 timor
250 3303 286 3371 in
313 3327 439 3375 summo
467 3307 592 3374 oriente
619 3305 789 3376 constituti
817 3305 908 3376 ducis
930 3306 1068 3395 populos
1089 3305 1138 3374 nl·

124 3389 196 3458 timi
228 3392 405 3463 occidentis
436 3394 616 3483 inussemt,
658 3401 695 3464 ut
724 3394 800 3462 inde
831 3396 1036 3484 peregrinum
1065 3399 1138 3464 toto

124 3477 245 3546 mundo
260 3502 407 3550 cerneres
420 3482 630 3571 legetionenr,
647 3505 712 3575 quo
725 3484 781 3551 uix
794 3483 939 3552 crederes
951 3483 1138 3572 peruenisse
