2806 3788
376 131 572 186 mvansvu
589 129 755 185 Pedanos
773 130 815 183 m
833 133 876 186 28.
1088 125 1133 194 95

30 311 54 354 o
66 299 107 344 ιιι
120 283 196 370 pote
209 277 349 348 Hercule
367 277 402 346 in
419 275 532 344 urbem
545 274 695 364 Pydnam
712 273 875 343 coneedit:
893 273 950 342 ubi
968 269 1132 342 oonltinuo
1150 287 1194 341 tt

120 393 180 460 per
196 367 413 439 Oasmndrum
435 371 533 454 oapta
554 369 588 434 et
608 365 781 434 interiecta
798 369 856 432 eat
891 363 979 431 lilius
994 363 1132 431 Alexan·

121 461 170 529 dri
193 459 227 528 M
295 458 303 474 '
331 479 405 526 oum
432 461 538 525 matre
565 454 600 523 in
623 476 730 525 aroenr
754 453 1058 543 Amphipolitonam
1080 473 1133 522 eu·

121 550 249 620 stodien
271 571 309 616 us
333 553 383 617 ost
404 548 535 616 missus.

93 657 108 702 s
186 638 341 709 Perdices
353 639 469 707 Aloeta
492 641 527 705 et
540 635 774 725 Polyperconte
792 635 970 722 ceterisque
989 632 1134 720 duribus,
1150 635 1187 702 o

121 752 203 818 quos
223 751 476 798 commemorare
493 727 629 814 longum
647 729 707 813 oet
728 726 876 795 diusmo
894 723 998 812 partis
1016 723 1132 791 oooisis

120 820 213 888 finita
230 819 320 887 bella
333 819 419 886 inter
432 837 636 886 suooessores
648 815 827 883 Alexandri
839 814 1041 900 uidebantur,
1058 834 1131 881 eum
1149 828 1185 882 u

119 909 306 996 Antigonus
343 907 461 974 ndens
497 905 673 994 eupiditate
709 903 899 971 dominandi
931 900 1133 970 liberandum

119 997 205 1066 bello
222 995 397 1064 Herculem
419 995 506 1084 rogis
529 995 634 1062 filium
656 993 698 1061 ab
721 993 890 1062 obsidione
908 991 1050 1060 simulat.
1081 990 1133 1057 his
1151 1004 1187 1058 st

81 1105 108 1147 ro
121 1086 261 1173 cognitis
275 1085 483 1152 Ptolemaeus
497 1087 531 1150 et
545 1081 737 1168 Casander,
754 1081 839 1150 inita
852 1102 926 1148 oum
939 1079 1133 1166 Lysimaolro

121 1179 154 1242 et
181 1172 314 1242 Seleuco
345 1173 503 1241 sotietate
530 1171 653 1238 bellum
679 1176 768 1239 terra
794 1169 940 1256 marique
967 1169 1060 1235 enixe
1086 1167 1133 1236 in·

121 1266 260 1330 struunt
306 1261 491 1350 Antigonus
520 1262 555 1328 in
584 1281 622 1329 eo
652 1260 739 1328 bollo
769 1281 844 1329 oum
869 1259 940 1327 filio
968 1256 1135 1325 Demetrio

121 1351 271 1419 uincitur.
316 1349 499 1419 Cassander
524 1348 712 1417 Ptolomaeo
741 1349 777 1415 in
806 1347 945 1416 uictoria
970 1346 1133 1432 partioops
1151 1362 1188 1414 tt

120 1440 227 1506 faetus
250 1460 324 1506 oum
347 1437 556 1525 Apolloniam
579 1438 712 1522 rediret,
734 1436 851 1504 incidit
871 1436 907 1503 in
928 1434 1134 1502 Anioniatas:

82 1545 108 1589 ιι
122 1529 178 1615 qui
205 1532 338 1614 proptor
364 1525 587 1594 intolerandae
609 1525 828 1595 multitudinis
850 1545 949 1592 renas
971 1527 1007 1591 et
1026 1543 1135 1590 mures

121 1616 236 1683 relicto
263 1615 370 1702 patrio
393 1615 463 1683 solo
487 1619 521 1682 et
543 1614 688 1702 antiquis
711 1613 905 1681 habitaculis
928 1612 1135 1699 emigrantes,

120 1725 224 1771 nouas
252 1704 344 1772 sedes
372 1707 541 1789 praetenta
563 1703 692 1770 interim
714 1724 795 1788 puoe
817 1700 1033 1789 requirebant
1078 1697 1135 1765 sed
1151 1713 1187 1766 st

121 1789 303 1860 Cassander
330 1796 365 1858 et
385 1792 541 1860 uirtutem
564 1794 598 1858 et
618 1791 863 1858 multitudinem
885 1788 994 1876 gentis
1016 1787 1136 1874 adgno-

121 1902 228 1967 scens,
253 1902 296 1949 ne
318 1880 427 1948 adsoti
448 1881 643 1949 necessitate
665 1879 891 1948 Macedoniam
914 1877 1002 1946 bello
1026 1880 1137 1963 quato-

80 1991 109 2033 ao
120 1974 194 2038 rent
211 1974 308 2056 atque
327 1969 529 2058 innodarent,
546 1973 695 2057 receptos
709 1969 745 2036 in
759 1968 949 2037 sooietatem
961 1967 997 2034 in
1010 1965 1135 2033 ultimis

120 2057 329 2127 Macedoniae
353 2059 471 2127 linibus
494 2060 652 2128 oonlooat
697 2058 773 2126 inde
795 2080 868 2126 oum
892 2057 958 2124 iam
977 2055 1134 2124 Hercules
1151 2069 1187 2124 so

121 2147 297 2216 Alexandri
320 2149 405 2216 lilius
429 2149 689 2236 quattuordecim
712 2151 798 2216 esset
820 2168 995 2233 annorum,
1016 2145 1135 2213 timens

32 2255 108 2304 mor
123 2233 170 2303 ¹ne
198 2259 271 2303 oum
299 2258 414 2305 omnes
440 2237 535 2322 quari
558 2237 742 2324 legitimum
764 2256 874 2324 regem
897 2237 1137 2322 praeoptarent,

122 2323 331 2392 occidendum
352 2325 452 2390 tacite
475 2345 549 2391 oum
572 2329 676 2392 matre
699 2324 834 2392 curauit

81 2433 109 2476 rr
188 2411 394 2480 Ptolemaeus
425 2411 544 2479 iterum
577 2435 651 2481 oum
677 2411 845 2480 Demetrio
871 2411 981 2479 nauali
1009 2409 1133 2498 proelio
1151 2424 1188 2478 oo

122 2501 265 2568 oontlirit
282 2505 316 2568 et
332 2523 406 2569 oum
424 2521 553 2569 omnem
571 2522 674 2589 paene
693 2501 830 2570 classem
850 2504 947 2587 atque
959 2498 1136 2568 exereitum

121 2588 324 2677 perdidisset,
346 2589 451 2657 uictus
472 2589 509 2656 in
530 2590 719 2678 Aegyptum
741 2589 870 2677 refugit
914 2589 977 2656 hoo
998 2587 1137 2656 uictoria
1152 2600 1189 2654 ao

15 2687 16 2690 ’
121 2678 225 2749 elatus
247 2677 444 2770 Antigonus,
465 2700 575 2770 regem
597 2702 633 2749 se
654 2699 729 2748 oum
747 2677 914 2749 Demetrio
937 2677 1004 2746 lilio
1028 2677 1136 2767 appel·

15 2739 18 2884 i*
121 2769 182 2838 lari
209 2770 312 2840 iubet:
342 2769 429 2860 quod
456 2771 638 2859 exemplum
661 2792 774 2839 omnes
797 2769 900 2839 aeouti
923 2769 1050 2858 regium
1072 2767 1135 2836 sibi

15 2891 17 2932 ι
82 2877 241 2928 nonomen
264 2861 521 2948 dignitatemque
543 2865 760 2947 sumpserunt
805 2860 907 2962 igitur
928 2858 1133 2926 Ptolemaeus
1150 2870 1186 2924 tt

122 2951 157 3011 et
182 2944 364 3014 Casander
396 2949 557 3034 ootariquo
589 2948 722 3014 alterius
753 2946 908 3012 tautonis
939 2945 1036 3012 duras
1063 2965 1136 3011 oum

123 3031 228 3118 deripi
250 3055 286 3100 se
303 3033 345 3100 ab
359 3033 529 3120 Antigono
546 3033 742 3119 singillatim
760 3033 919 3116 uiderent,
939 3052 1000 3117 per
1016 3031 1135 3116 epistu-

122 3117 172 3185 las
195 3139 229 3186 so
251 3119 390 3189 innioem
412 3119 643 3189 oonlirmantea
665 3101 802 3189 ooeun‘di
825 3118 860 3186 in
882 3139 984 3187 unum
1007 3122 1136 3206 tempos

122 3207 292 3294 lorumque
323 3209 498 3296 condierat
529 3214 563 3278 et
592 3210 715 3277 bellum
747 3206 903 3277 aduersus
934 3206 1136 3294 Antigonum

15 3307 19 3338 >¹
83 3314 110 3358 ιι
123 3297 348 3367 communibus
370 3297 496 3367 uiribus
515 3299 691 3368 instruunt.
723 3294 906 3366 Casander
923 3293 1136 3363 finitimorum
1152 3309 1190 3361 tr

122 3383 217 3452 bellis
240 3383 407 3472 inplicitos
424 3385 664 3474 Lysimaehum‚
686 3382 1005 3455 olarlasimuminter
1022 3404 1135 3454 omnes
1196 3435 1197 3438 η

15 3121 20 3186 l

15 3187 21 3305 l

15 3353 20 3413 i

15 3417 20 3614 Ξ
122 3473 251 3559 dueum,
277 3495 351 3543 oum
377 3475 504 3566 ingenti
531 3497 630 3544 manu
655 3497 717 3565 pro
744 3496 780 3543 se
804 3472 902 3543 sooiis
923 3471 958 3540 in
980 3472 1136 3554 auxilium
