2750 3800
407 183 603 239 munuera
619 183 785 239 suessos
802 185 841 238 v1
860 189 885 240 s.
904 188 929 241 a.
1106 181 1169 249 197

160 328 283 397 uiarum
306 326 488 416 legationes
505 327 592 394 inter
609 326 816 394 succedentes
833 325 1053 396 Romanorum
1073 326 1170 396 dnoes

160 421 195 484 et
206 415 472 484 truculentiorem
485 415 603 484 notitia
611 414 834 498 Mithridaten,
844 416 978 484 alternis
992 415 1034 482 ad
1047 420 1171 482 utrum·

160 527 236 593 que,
263 508 362 591 prout
392 525 552 592 quemque
574 526 645 572 sors
667 503 746 572 belli
773 505 958 590 attollebat,
984 508 1019 573 et
1038 503 1172 572 inosrtis

160 592 437 661 satisfactionibus
459 591 739 660 trmsierebantur
760 593 907 682 augendo
926 592 1071 679 perionla
1110 613 1170 660 uae

132 680 342 749 seruabant?
385 702 462 749 nam
491 680 569 768 quid
596 681 749 750 continuo
776 681 948 767 Pompeius
977 688 1011 748 et
1039 613 1169 769 quibem
1189 690 1227 744 ιι

159 768 333 856 Pompeius
355 767 456 838 bomo
476 767 696 838 Romanorum
718 768 995 838 moderatissimus
1018 790 1077 855 per
1098 767 1171 856 plu-

159 859 258 927 rimas
281 861 392 945 partes
415 858 549 926 orientis
575 857 669 946 linito
695 856 919 926 Mithridation
945 858 1034 926 bello
1060 857 1174 946 egerit,

159 947 271 1033 munis
293 945 467 1032 proteram.
795 1003 796 1008 ,

98 1041 100 1044 ’
225 1035 323 1102 Anno
345 1032 388 1100 ab
410 1033 490 1099 urbe
512 1032 644 1100 eondita
660 1049 880 1100 ncnmvrm
900 1031 943 1100 M.
957 1031 1064 1100 Tullio
1082 1030 1212 1100 (lies-t

121 1139 148 1182 ro
160 1141 239 1188 rone
258 1125 293 1188 et
311 1117 346 1188 0.
359 1118 506 1190 Antonio
528 1120 716 1188 oonsulibus
734 1119 909 1208 Pompeius
927 1119 1024 1190 ooeisi
1044 1119 1174 1188 Mithri·

65 1207 94 1276 'a
107 1225 147 1270 sss
160 1209 245 1276 debs
262 1208 378 1277 nuntio
401 1205 541 1296 *meapte
555 1206 685 1312 Syriam
699 1207 819 1276 Coelen
837 1213 871 1276 et
884 1208 1069 1276 Phoenioen
1086 1209 1172 1276 bello

160 1296 345 1382 adgressus,
366 1295 515 1364 Ituraeos
537 1317 679 1382 primum
702 1296 893 1401 Ambasque
914 1296 1099 1383 perdomuit
1120 1319 1172 1364 ur·
1209 1335 1211 1341 ·
1253 1345 1257 1351 -

160 1384 297 1473 bamque
325 1405 450 1470 eornm,
477 1406 575 1473 quam
597 1382 730 1452 Petram
757 1391 940 1472 nommant,
966 1385 1066 1474 oepit;
1095 1385 1209 1454 binos

161 1473 366 1581 all-Iudaeos,
384 1473 503 1564 quibus
522 1473 730 1543 Aristobulns
749 1477 883 1565 expulso
902 1475 1002 1544 trabe
1017 1473 1171 1581 ilyreano

121 1564 1173 1740 ¹⁶2¹:3¹²tttrttttttttttttabstiterit
1207 1649 1209 1652 ·

72 1775 75 1782 ·
160 1741 316 1808 continuo
338 1740 530 1808 subsecutus
541 1745 587 1844 'et
608 1761 628 1807 a
651 1740 799 1826 patribus
822 1741 1094 1846 urbeusnseeptus
1116 1741 1173 1847 sed

161 1828 296 1986 biiii
310 1827 551 1986 stertet:
569 1829 1208 2008 titttsrtrtttttttlgrt.

73 2033 95 2074 a
108 2022 254 2074 snmuro
276 2007 428 2093 fossaque
449 2006 593 2074 maxima
615 2007 790 2094 munitum,
817 2030 890 2076 eum
918 2009 1000 2075 alias
1023 2005 1105 2076 alliis
1127 2010 1173 2076 le·

119 2111 146 2155 aa
162 2093 274 2181 gisnes
302 2094 371 2163 dies
397 2099 574 2182 normaque
602 2096 772 2164 snooedere
799 2095 870 2164 sine
896 2097 1007 2184 requie
1033 2101 1174 2201 cogeret,
1207 2105 1210 2112 '

159 2181 214 2248 uix
242 2183 341 2250 tertio
370 2204 480 2250 meuse
508 2183 714 2272 expugnauit
759 2183 913 2252 tredeebu
936 2184 1029 2252 milia
1050 2184 1097 2253 ibr
1119 2185 1172 2252 Iu·

159 2269 312 2338 <lusorum
339 2292 434 2338 oaesa
460 2276 647 2357 narrantur,
680 2275 788 2340 uetera
814 2273 987 2340 multitudo
1014 2273 1048 2340 in
1074 2274 1172 2341 fidem

51 2415 52 2430 ,
159 2358 259 2426 uenit
290 2358 463 2446 Pompeius
478 2380 589 2427 muros
604 2360 751 2428 ciuitatis
769 2360 873 2447 euerti
885 2361 1081 2449 aequarique
1099 2363 1170 2430 solo
1188 2372 1207 2425 a

121 2460 147 2506 se
160 2445 334 2552 imperauit
355 2454 398 2553 et)
420 2469 494 2516 oum
518 2447 702 2534 aliquantos
724 2447 889 2554 prinsipes
906 2447 1100 2556 Iudaeorum
1123 2473 1172 2557 ee·

141 2534 536 2711 ‘ttrttttltztfl
572 2537 1172 2695 mittentibus

159 2733 232 2778 oum
255 2711 376 2800 uiginti
394 2715 427 2780 et
444 2712 570 2780 duobus
589 2713 721 2801 regibus
739 2734 810 2781 sese
829 2713 971 2802 gessisse
988 2714 1059 2802 ipse
1075 2713 1171 2784 Pons·

157 2799 251 2888 peius
272 2822 333 2887 pro
355 2801 506 2870 oontione
528 2801 684 2869 narrauit

62 2905 70 2920 ·
119 2905 147 2950 ⁸⁰
226 2888 355 2958 Interea
380 2889 561 2960 ooninratio
584 2888 745 2958 Catilinas
768 2890 923 2959 aduenam
970 2890 1089 2958 atrium
1112 2902 1206 2978 pert

51 3009 52 3044 l
158 2977 287 3046 eosdem
306 2977 374 3047 dies
392 2978 427 3047 in
445 2978 526 3047 urbe
542 2977 656 3046 habita
673 2984 708 3046 et
723 2978 862 3066 proditu,
883 2979 918 3046 in
966 2979 1073 3046 truria
1092 3001 1171 3048 uero

158 3065 247 3134 oiuili
268 3067 355 3136 bello
378 3067 520 3137 ertinots
546 3070 609 3155 est3
636 3065 761 3135 Romae
788 3065 908 3136 musali
935 3067 1170 3136 ooninratiouis

157 3154 255 3223 oooiai
283 3162 369 3226 snut
414 3156 470 3224 sed
497 3154 583 3224 bane
610 3155 782 3225 historiam
807 3161 925 3246 agente
952 3152 1108 3225 Oioerone
1134 3160 1202 3224 ete

157 3241 358 3311 describente
372 3242 529 3311 Sallustio
542 3243 624 3312 sstis
637 3244 789 3312 omnibus
803 3250 918 3313 notam
930 3265 1016 3313 nuno
1036 3267 1057 3313 a
1073 3243 1169 3312 nobis

116 3328 300 3396 “bmniter
327 3329 429 3397 inisse
456 3331 663 3416 pemtnietam
692 3336 744 3397 sat
770 3339 829 3398 est
873 3335 980 3398 motus
1009 3332 1108 3398 etiam
1131 3331 1201 3398 int

155 3411 322 3499 Paelignis
348 3421 440 3482 ortus
462 3437 484 3480 a
504 3415 669 3482 Mareellis
691 3421 785 3519 patu
806 3420 840 3481 et
860 3417 930 3484 tilio
951 3437 1011 3503 per
1033 3417 1071 3486 L
1087 3415 1168 3485 Vet-

156 3499 239 3565 tium
265 3497 413 3583 proditus
439 3501 603 3586 patebota
630 3497 792 3570 Oatslinae
820 3503 1044 3572 maturatione
1074 3503 1169 3591 quasi
