2806 3788
366 141 562 196 sornam
580 141 745 195 rsoaros
763 141 805 194 111
824 143 960 230 re-so„
1117 134 1158 202 8'l

148 281 649 460 redibiturtu:
661 281 1196 438 territurium,

148 465 205 533 der
226 461 268 532 ad
290 484 420 532 emnem
433 461 609 550 Agerinum
627 461 748 550 pergit3
771 481 830 548 per
846 459 933 528 huuc
948 459 983 527 in
997 456 1161 528 Oceanum

149 553 333 621 deuehitur:
361 553 407 619 ibi
431 551 578 620 Gesonae
601 549 775 638 Sibosque,
802 571 883 638 quos
906 549 1064 618 Hercules
1086 571 1161 616 con·

59 671 82 712 a
96 657 134 701 ²0¹
148 641 245 727 didit,
266 640 440 727 oppressit.
485 639 562 707 hinc
586 637 629 706 liu
650 637 804 706 Mandros
827 643 861 705 et
883 637 1048 725 Subagras
1070 638 1163 704 naui·

120 734 220 818 egat:
243 749 325 816 quas
373 733 464 796 entes
488 749 561 796 eum
584 728 720 794 armatis
740 743 840 794 nm
862 726 992 794 milibus
1015 725 1161 812 peditum

147 823 183 885 et
209 835 258 885 nx
284 749 415 884 milibus
443 817 588 904 equitum
614 815 789 904 excipiunt
833 815 1007 884 commisso
1034 813 1195 902 proelior

148 906 204 973 diu
234 927 353 992 anceps
386 911 421 972 et
447 909 580 973 cruenta
606 926 717 992 pugna
742 903 876 972 undem
903 904 1030 971 tristem
1059 924 1161 989 paene

147 994 319 1062 uictoriam
341 993 575 1062 Macedonibus
598 992 696 1060 dedit
737 1014 815 1059 nam
838 991 920 1059 lusis
942 991 1086 1058 hostium
1108 1012 1163 1059 oo·

108 1098 135 1140 1⁰
148 1081 211 1168 piis
230 1081 415 1149 Alexander
431 1082 609 1150 exercitum
627 1079 670 1148 sd
688 1080 803 1148 urbem
820 1079 928 1168 duxit3
950 1084 1074 1147 etcum
1093 1101 1163 1146 mu·

147 1167 1197 1346 rellffi„tulllslrtrmllltlbztttztb³

147 1347 444 1431 circumdedissent,
464 1347 653 1414 incredibile
672 1347 761 1414 dictu
780 1352 832 1413 est
848 1349 886 1412 ut
903 1367 977 1412 eum
995 1367 1061 1413 non
1079 1345 1161 1412 mul·

146 1435 251 1502 titudo
279 1433 437 1519 hostium,
463 1456 530 1502 non
557 1435 607 1502 uis
631 1456 753 1522 magna
775 1434 929 1518 telorum,
959 1454 1026 1500 non
1048 1438 1161 1500 tantus
1198 1451 1199 1454 ’

107 1522 375 1590 crassantium
398 1524 522 1590 clamor
539 1524 700 1608 terruerit,
724 1522 814 1590 solus
832 1525 884 1589 tut
901 1520 994 1589 milia
1010 1519 1163 1589 ceciderit
1281 1547 1282 1550 ¹

146 1633 185 1679 ao
207 1611 339 1700 fugarit
381 1618 417 1679 at
437 1612 494 1680 ubi
518 1633 553 1680 se
575 1611 670 1679 obrui
692 1634 712 1679 a
735 1611 930 1679 omoumlusa
952 1609 1198 1678 mmurudinss

145 1701 320 1787 persensit,
352 1700 437 1769 muri
468 1701 561 1770 obice
593 1701 777 1789 posteriora
805 1703 948 1786 tutatus,
979 1701 1162 1768 conumios

146 1789 274 1858 facilius
301 1811 339 1858 eo
366 1811 468 1878 usque
497 1791 667 1877 sustinuit,
695 1790 797 1858 donec
824 1791 865 1858 ad
888 1789 1068 1878 periculum
1091 1789 1162 1857 eiua

146 1879 383 1967 clamoremque
400 1880 546 1948 bostium
563 1879 734 1966 pertractis
756 1880 857 1948 muris
876 1879 1035 1948 exercitus
1053 1878 1162 1948 omnis

106 1968 355 2058 »inrumperet
399 1969 435 2036 in
469 1991 508 2037 eo
536 1969 660 2056 proelio
687 1969 812 2058 sagitte
838 1969 899 2037 sub
926 1989 1070 2036 mamma
1097 1971 1217 2036 tra-1⁰
1346 2035 1347 2038 ,

58 2084 80 2126 a
94 2074 133 2118 m
147 2057 258 2146 iectus,
280 2057 346 2126 lixo
369 2079 455 2147 genu
479 2058 621 2127 loretenus
644 2060 814 2146 pugnauit,
836 2059 938 2127 donee
961 2080 1035 2126 eum
1057 2081 1079 2125 a
1099 2079 1162 2145 qno

146 2147 336 2215 uulneratus
368 2153 455 2215 esset
485 2148 655 2216 occideret.
699 2147 774 2215 inde
806 2147 991 2216 conscensis
1023 2147 1162 2216 nauibus
1182 2160 1214 2211 11

147 2257 221 2303 cum
244 2235 366 2304 Oceani
388 2236 487 2304 litora
510 2240 709 2326 peragraret,
731 2236 772 2304 ad
797 2237 909 2304 urbem
927 2236 1092 2324 quandam
1109 2236 1163 2304 cni

148 2325 286 2392 Ambira
316 2347 373 2393 rex
400 2330 550 2412 praeerat
575 2326 732 2413 peruenit
777 2325 896 2393 sedin
923 2347 1007 2414 erpo
1054 2325 1163 2393 atione

105 2431 134 2474 ιι
147 2413 292 2482 ciuitatis
323 2436 478 2503 magnam
509 2419 636 2502 partem
667 2414 827 2483 exercitus
857 2415 990 2502 sagittis
1041 2414 1162 2483 ostium

148 2524 273 2570 ueneno
296 2504 399 2570 inlitis
422 2504 541 2590 ambit,
563 2525 602 2572 ao
624 2509 700 2591 post
717 2503 819 2571 herba
837 2525 896 2591 per
914 2503 1078 2571 somnium
1097 2503 1162 2570 sibi

147 2597 278 2661 ostensa
295 2597 330 2661 et
346 2593 383 2661 in
400 2597 516 2682 potum
534 2593 652 2662 randis
670 2592 748 2661 data
765 2614 840 2662 oum
857 2591 992 2682 reliquis
1010 2592 1163 2661 subueni-

148 2689 247 2770 retur,
269 2685 382 2752 urbem
405 2683 609 2775 expugnauit
631 2689 665 2752 et
687 2682 782 2772 oepit

214 2773 294 2841 Post
315 2774 410 2862 quasi
432 2775 629 2842 circumacta
650 2779 739 2842 meta
761 2774 800 2841 de
818 2771 947 2843 Oceano
964 2771 1082 2841 Indum
1103 2773 1160 2840 tiu·
1175 2777 1215 2837 2⁰

107 2875 135 2920 ω
149 2883 223 2929 men
248 2862 427 2952 ingressus,
455 2861 663 2952 Babylonem
688 2862 835 2931 celeriter
857 2861 963 2932 rediit.
1006 2861 1063 2930 ubi
1085 2873 1196 2930 cumr
1266 2872 1268 2876 ’

148 2953 374 3021 exterritarum
396 2954 498 3022 tutius
523 2954 612 3022 orbis
634 2953 875 3043 prouinciarum
897 2953 1000 3042 legati
1017 2973 1060 3040 op
1083 2953 1162 3021 eris·
1216 3015 1220 3023 .

148 3040 283 3130 bantur,
313 3042 376 3113 hoo
407 3049 459 3112 est
486 3040 807 3134 Carthaginiensium
838 3043 1004 3132 totiusque
1030 3043 1061 3110 A
1094 3041 1162 3111 'eae

148 3130 332 3218 ciuitatum,
359 3133 415 3200 sed
443 3138 477 3200 st
499 3132 719 3219 Hispanorum
741 3131 910 3202 Gallorum
933 3130 1064 3200 Siciliae
1086 3130 1163 3199 Sar-

59 3234 134 3284 rum
148 3217 336 3308 dimaeque,
364 3217 532 3308 plulrimae
559 3226 727 3308 praeterea
754 3223 859 3307 partis
881 3219 1004 3288 Italiae.
1046 3223 1197 3288 tantast

107 3307 247 3375 sctimor
273 3307 310 3376 in
336 3332 463 3380 summo
490 3311 615 3378 oriente
642 3309 813 3379 constituti
840 3309 931 3378 ducis
953 3309 1091 3397 populos
1113 3309 1172 3377 ul'

147 3395 220 3462 timi
251 3397 428 3468 occidentis
459 3399 639 3486 inuaserat,
680 3404 718 3468 ut
748 3397 824 3466 inde
855 3399 1060 3486 peregrinam
1090 3401 1162 3466 toto

147 3483 269 3552 mundo
284 3505 430 3556 cerneres
443 3487 653 3576 legationem,
671 3508 736 3577 quo
748 3487 805 3554 uix
818 3485 962 3555 crederes
974 3486 1162 3572 peruenisse
