2744 3800
248 183 315 251 246
492 187 599 240 ram
617 184 746 240 oaosn'
756 184 1004 239 mammam

246 329 384 398 uestitus
407 326 563 396 dedecore
584 349 717 415 cerycas
739 327 926 396 citharistae
948 326 1123 414 tragoedos
1146 327 1180 393 et
1202 347 1257 393 au·

245 419 337 508 rigae
359 440 457 506 saepe
476 417 540 486 sibi
558 439 727 506 superasse
745 416 836 485 uisus
854 419 913 484 eet
949 413 1141 483 libidinibus
1158 436 1257 502 porro

245 508 346 574 tantia
368 507 553 596 oxam'tatue
573 511 634 591 eat,
654 510 751 573 utne
769 529 790 573 a
807 510 910 574 matre
928 503 1057 593 quidem
1076 504 1128 571 uel
1146 525 1257 572 sorore

247 596 356 663 ullane
373 595 667 684 consanguinitatis
684 595 867 662 reuerentia
880 593 1077 661 abstinuisse
1090 591 1257 679 referatur,

75 741 79 754 ,
246 685 353 752 uirum
370 684 405 753 in
422 706 555 752 uxorem
572 683 711 770 duxerit,
733 684 803 770 ipse
821 705 842 750 a
859 683 932 751 uiro
949 687 988 749 ut
1004 703 1086 750 uror
1105 687 1284 767 acceptura

75 774 79 790 '
203 783 224 835 ⁸
245 773 297 842 sit
328 773 474 841 luxuriae
487 794 566 841 uero
579 776 648 841 tam
667 772 841 840 effrenatae
859 772 930 858 fuit,
952 773 990 838 ut
1006 771 1131 838 retibus
1150 771 1256 837 aureis

244 861 436 949 piscaretur,
457 884 541 966 quae
585 861 733 949 urpureis
755 861 888 929 funibus
911 859 1178 940 extrahebantur,
1199 859 1256 926 fri·

244 949 330 1038 gidis
359 955 394 1018 et
423 950 535 1018 calidis
563 885 691 1018 iuuaret
718 951 903 1036 unguentis.
947 949 1004 1036 qni
1033 949 1135 1016 etiam
1162 970 1255 1015 num·

269 1061 344 1107 nam
377 1038 485 1106 minus
515 1039 604 1106 mille
633 1038 776 1107 carruma
806 1037 983 1106 confecisse
1013 1037 1076 1104 ilar
1105 1035 1255 1103 traditur.

70 1155 75 1232 f
206 1138 226 1188 e
268 1129 386 1216 eniqne
397 1127 487 1232 urbia
501 1126 624 1194 Romae
642 1127 826 1231 incendium
845 1125 1024 1213 uoluptatis
1039 1147 1116 1193 auae
1130 1129 1254 1212 specta·
1269 1143 1296 1187 ιι

71 1290 74 1301 ·
203 1216 360 1407 ‚ltu
382 1215 495 1390 ‘12th
505 1216 835 1391 tutetur?
833 1221 964 1370 tte?
978 1218 1106 1390 litt}
1130 1212 1256 1405 :le

242 1390 351 1477 laprde
373 1412 574 1478 magnaeque
597 1391 673 1458 illae
695 1395 842 1458 ueterum
864 1390 1006 1476 insulae,
1028 1413 1111 1478 quas
1135 1389 1255 1456 discur-

239 1499 315 1544 rena
332 1478 422 1546 adire
439 1481 572 1547 flamma
589 1500 656 1547 nou
673 1484 812 1565 poterat,
830 1479 961 1564 magnis
978 1477 1140 1546 machinis
1153 1499 1254 1564 quon·

240 1565 317 1631 dara
343 1563 386 1632 ad
412 1571 546 1633 externa
570 1565 658 1632 bella
683 1567 884 1652 praeparatis
912 1565 1126 1633 labefactatae
1155 1570 1254 1652 atqde
1268 1581 1295 1626 ιι

67 1737 70 1746 ¹
241 1651 461 1743 inflammatqe
484 1656 570 1737 sunt,
591 1652 632 1719 ad
652 1657 934 1720 monumentorum
953 1653 1184 1738 bustorumque
1203 1653 1254 1718 de·

207 1739 391 1806 euersoria
415 1739 540 1806 infelici
565 1739 660 1826 plebe
687 1741 852 1826 conpulsa
897 1738 983 1827 quod
1010 1740 1081 1825 ipse
1104 1761 1144 1806 ex
1166 1738 1254 1805 altis·

241 1826 1253 2002 luat*„ftttdssttrtt‘al‘tlzffiluftu?

65 2001 68 2015 '
205 2003 317 2070 tdam
339 2002 543 2072 decantabat.
578 2003 736 2071 auaritiae
757 2008 867 2070 antem
889 2009 958 2069 tam
981 2008 1177 2088 praeruptae
1199 2023 1253 2067 ax·
1267 2019 1294 2064 ιι

240 2093 335 2177 stitit,
357 2095 397 2159 nt
416 2093 571 2180 posthoc
589 2093 773 2161 incendium
791 2092 893 2176 urbia,
915 2113 1013 2196 quam
1031 2113 1066 2159 ae
1085 2093 1252 2180 Augustus

239 2203 279 2249 cx
307 2181 456 2248 latericia
481 2203 698 2249 marmoream
725 2180 901 2249 reddidisse
928 2185 1123 2266 nudauerat,
1150 2179 1252 2247 nemi·

239 2291 315 2337 uem
338 2270 379 2337 ad
397 2270 549 2357 reliquias
567 2292 676 2338 rarum
696 2292 827 2338 auarum
846 2269 937 2337 adire
954 2268 1153 2356 permiserit;
1175 2291 1252 2336 cun-

238 2365 306 2442 cta,
334 2380 418 2446 quae
446 2359 596 2427 flammae
626 2381 756 2447 quoquo
786 2358 883 2426 modo
913 2357 1154 2445 superfuerant,
1181 2358 1252 2446 ipse

62 2448 66 2531 j
202 2447 389 2533 substulit3
422 2445 552 2516 cenltiea
579 2453 716 2516 centena
743 2447 834 2516 milia
860 2447 1046 2516 seruatum
1075 2469 1184 2515 annua
1211 2444 1253 2513 ad
1270 2473 1292 2516 a·
1303 2465 1324 2508 ιι

238 2536 1292 2694 enarrentur?lucullaeum?²·

240 2713 398 2781 tiatorem
420 2713 564 2781 omnium
587 2713 648 2780 sub
670 2736 736 2781 una
758 2713 823 2799 die,
849 2649 1022 2781 turmeuiis
1045 2647 1252 2801 quoqueeid-

203 2799 366 2885 ebibitis,
387 2822 516 2869 omnem
537 2801 668 2889 pauitus
691 2823 822 2870 censum
845 2802 1009 2870 abstersit
1050 2801 1251 2869 crudelitatis

238 2895 349 2957 autem
376 2889 468 2959 rabia
496 2890 545 2958 ita
572 2891 725 2959 efferatus
755 2897 820 2977 eat,
848 2895 886 2959 ut
914 2890 1087 2977 plurimam
1118 2895 1292 2957 senatusue

237 2983 365 3064 partem
393 2979 609 3063 interfecerit,
638 2983 820 3066 equestrem
849 2979 993 3047 ordinem
1023 2998 1127 3065 paene
1156 2976 1252 3045 desti·

237 3065 347 3132 tuerit
391 3065 448 3134 sed
475 3088 517 3134 ne
544 3066 728 3154 parricidiis
756 3066 885 3154 quidem
912 3066 1085 3147 abstinuit,
1114 3069 1252 3133 matrem

238 3151 373 3220 bahem
400 3175 544 3223 sororem
571 3176 706 3222 uorem
733 3160 920 3242 ceterosque
950 3176 1062 3222 omnes
1092 3157 1251 3243 cognatos

187 3250 225 3303 ιο
241 3244 275 3307 et
295 3240 495 3329 propinqnoe
512 3241 582 3310 eine
599 3242 815 3310 haesitatione
833 3242 1021 3330 prostrauit
1058 3241 1150 3308 auxit
1165 3241 1252 3308 hanc

237 3327 356 3394 noum
382 3328 564 3396 ranorum
592 3331 662 3396 aa·
688 3331 855 3397 aarum
877 3329 1055 3416 impietatis
1078 3331 1113 3396 n
1135 3327 1251 3398 usum.
1265 3346 1291 3390 a
1322 3301 1324 3420 l

237 3435 332 3574 a
331 3413 457 3572 primm
476 3415 600 3483 Romae
620 3414 834 3521 lundunam·
852 3417 1020 3520 suppliciis
1039 3421 1072 3484 at
1088 3415 1250 3570 pirortibus
1268 3429 1321 3484 as·

373 3525 412 3574 ao
437 3527 497 3593 per
518 3525 632 3574 omnes
653 3525 839 3594 proumcraa
861 3526 933 3593 pan
953 3524 1088 3593 peraecu
1116 3523 1177 3571 one
1199 3525 1252 3571 ex·
