2744 3800
318 59 514 116 mveasvu
531 59 697 116 rennues
714 60 767 115 ιιι
784 64 810 118 r.
829 61 866 119 e·
991 99 994 104 .
1043 57 1109 127 243

97 211 174 274 tuno
196 203 370 272 infideliter
393 204 609 290 obstinatum,
638 209 677 273 ut
703 212 827 292 quanta
853 205 1029 274 multitudo
1051 206 1109 274 ho·

98 295 223 362 minum
246 298 473 398 praeparatam
496 299 634 398 mortem
657 295 810 380 enaeerit,
838 317 877 363 ex
900 293 1108 363 multitudine

97 383 342 450 interfectorum
350 383 491 468 pisorum
501 381 679 450 disceretur
692 383 905 472 omnibusque
918 387 1110 470 notesceret,

98 471 175 559 qnid
201 475 296 538 tenta
323 470 439 538 ueneni
466 471 569 539 moles
596 476 665 539 arte
693 475 789 540 aneta
815 492 912 562 agere
934 473 969 538 in
991 472 1110 539 misera

71 560 229 629 reiuinn
248 561 418 648 potuisset,
436 582 519 649 qnae
536 561 747 649 neglegenter
767 561 870 629 effusa
890 561 989 629 etiam
1006 561 1110 632 maria

98 650 251 737 eorrupit

164 741 261 808 Anno
289 739 331 808 ab
357 739 438 808 nrbe
464 739 595 809 condita
617 757 759 810 nocxov
781 740 931 810 Tiberine
955 738 1147 815 Claudinso
1260 719 1268 807 ’.’
1292 769 1294 774 ·

98 830 140 899 ab
170 831 321 921 Angusto
352 833 486 918 quartus
516 851 652 920 regnum
682 829 819 918 adeptus
849 836 899 900 est
927 831 1110 920 mansitque

98 922 133 988 in
154 943 193 988 eo
216 921 310 988 annis
334 921 599 1008 quattuordecim.
631 920 763 989 exordio
785 921 879 1009 regni
897 921 967 989 eius
984 920 1110 1007 Petrus,
1127 929 1146 982 t

12 1035 34 1078 a
46 1009 267 1098 coapostolus
285 1009 417 1078 Domini
438 1007 520 1078 'Iesu
539 1007 673 1096 Christi,
696 1009 834 1080 Romam
858 1009 950 1078 uenit
970 1015 1004 1078 et
1025 1011 1111 1079 saln-
1176 1085 1178 1088 ,

61 1114 86 1156 ¹²
99 1105 203 1168 tarem
232 1099 357 1167 ouuoh‘e
387 1099 592 1167 credentibus
621 1100 718 1168 fidem
750 1100 838 1167 fideli
870 1101 971 1167 uerbo
1001 1101 1111 1168 doanit

98 1187 396 1276 potentissimisque
432 1188 610 1256 uirtutibus
647 1189 855 1276 approbanit3
891 1193 989 1275 atque
1024 1188 1109 1255 exim

99 1275 277 1346 Christiani
291 1275 414 1344 Rornm
433 1299 504 1345 esse
522 1281 706 1363 coeperunt
743 1279 846 1344 sensit
862 1276 925 1344 hoo
942 1278 1147 1344 oonlatnmt
1263 1266 1266 1272 ’

98 1367 171 1434 fidei
190 1389 268 1434 suae
288 1365 393 1434 Roma
411 1367 611 1434 beneficium.
647 1389 815 1435 namnum
838 1365 1008 1435 interfecto
1027 1364 1111 1436 Oeli-

60 1467 87 1511 ²⁸
100 1456 179 1544 gula
211 1455 314 1521 multa
346 1454 385 1521 de
419 1455 609 1543 abrogando
640 1457 776 1542 imperio
810 1477 849 1523 ao
879 1455 1044 1541 republica
1074 1456 1110 1522 in

99 1543 267 1630 antiquum
300 1543 445 1610 ordinem
473 1542 675 1611 restituenda
706 1544 945 1630 euertendaque
979 1543 1109 1632 penitus

98 1631 273 1701 Caesarum
305 1633 461 1700 uniuersa
492 1633 620 1700 familia
652 1637 785 1701 senatus
813 1637 846 1700 et
877 1633 1026 1700 eonsules
1058 1633 1110 1701 de-

98 1723 292 1808 areuiseent,
329 1720 482 1791 Claudius
513 1745 589 1790 mox
620 1726 658 1791 ut
692 1723 899 1792 confirmauit
928 1722 1148 1810 imperiumn
1266 1732 1268 1736 ·

98 1833 219 1904 magne
232 1817 330 1903 atque
344 1813 450 1882 adhue
460 1812 585 1883 Romae
594 1814 764 1904 incognita
778 1834 856 1882 neus
871 1812 1051 1899 elementia,
1068 1834 1109 1881 ue

59 1919 86 1964 ω
100 1905 134 1972 in
153 1909 278 1974 tantam
297 1903 455 1973 nobilium
469 1904 708 1973 multitudinem
726 1905 818 1991 ultio,
836 1903 864 1973 si
882 1909 969 1973 esset
984 1909 1109 1991 coepte,

98 1995 252 2076 saeuiret,
280 1994 413 2063 biduum
446 1994 540 2080 illud,
570 1994 696 2082 quode
724 1993 921 2082 reipublioae
944 1997 1034 2062 statu
1060 1995 1110 2062 in·

97 2083 234 2151 lelioiter
246 2085 463 2150 consultatum
479 2087 649 2170 notumque
667 2083 783 2170 luerat,
799 2082 974 2151 memoriae
991 2085 1111 2151 exemit
1216 2145 1228 2167 ,

99 2172 307 2260 omniumque
324 2172 484 2240 tantorum
506 2172 706 2241 diotorumue
728 2173 764 2240 in
786 2195 825 2241 eo
847 2173 977 2240 ueniam
999 2175 1033 2239 et
1055 2171 1112 2240 ob·

99 2261 252 2329 liuionem
279 2263 314 2330 in
341 2266 534 2350 perpetuum
562 2261 678 2330 sanxit
723 2263 771 2329 ita
797 2261 888 2330 illam
911 2262 1148 2349 praeclaramt

59 2361 86 2407 ὓ
99 2353 133 2418 et
159 2350 319 2418 famosam
342 2349 594 2419 Atheniensium
621 2353 830 2437 amnestiam,
857 2373 954 2438 quam
981 2350 1110 2437 quidem
1256 2397 1260 2418 .

27 2441 30 2450 ’
99 2437 223 2506 Minae
245 2439 395 2507 indnoere
413 2438 498 2507 Iulio
516 2439 654 2509 Caesare
677 2439 849 2507 interiecto
872 2445 1002 2507 senatus
1022 2436 1109 2507 Oios·

98 2548 176 2594 rone
199 2527 355 2596 suadente
377 2531 606 2616 temptauerat,
628 2529 684 2595 sed
706 2528 852 2596 Antonio
874 2532 908 2594 et
929 2527 1110 2595 Octauiano

99 2620 232 2703 propter
260 2612 581 2684 ultionem'extinoti
610 2613 758 2684 Caesaris
786 2616 1047 2701 inrumpentibus
1075 2616 1110 2682 in

97 2702 233 2770 inritum
249 2708 404 2772 senserat:
427 2703 512 2771 hano
531 2703 695 2791 Claudius,
713 2703 863 2791 quamuis
881 2704 985 2772 multo
1003 2707 1109 2770 turon·

58 2789 236 2860 »lentiore
263 2815 363 2861 eausa
388 2791 424 2858 in
445 2791 575 2860 eaedem
598 2792 858 2879 oonspiratorum
880 2791 1110 2876 stimulentur,

97 2879 247 2950 ultronee
276 2881 449 2950 elementis
476 2881 567 2949 nullo
597 2884 767 2970 expetente
796 2880 948 2948 firmauit
992 2879 1147 2948 aeoidits

99 2971 197 3039 etiarn
224 2971 338 3039 eodem
364 2976 432 3038 tem
476 2993 513 3039 re
563 2969 722 3040 raeeentis
749 2969 876 3074 gratiae
898 2967 962 3038 Dei
988 2967 1110 3059 grande

98 3057 303 3124 miraonlnm:
339 3057 425 3144 siqui
446 3081 498 3125 sm
579 3059 646 3127 rius
679 3056 835 3127 Camillus
868 3057 1110 3141 Soribonienus,

97 3142 280 3212 Delmatiae
303 3146 440 3233 legatus,
462 3146 584 3213 bellum
602 3147 695 3216 oiusse
714 3147 848 3214 molitus
864 3145 1012 3233 legiones
1028 3145 1110 3212 mul·

57 3247 84 3289 ⁸⁶
96 3235 148 3298 tae
161 3232 419 3322 fortissimaeque
433 3235 474 3302 ad
488 3235 684 3304 sacrementi
696 3235 912 3303 mutationem
924 3233 1109 3322 pellexerat

11 3317 207 3404 amiteque
230 3320 281 3388 die
304 3323 395 3408 dato,
419 3327 458 3390 nt
483 3324 519 3390 in
546 3322 657 3392 ulnnm
678 3323 821 3412 undique
843 3323 884 3390 ad
905 3344 1027 3390 nonum
1049 3321 1145 3389 im?

96 3410 277 3490 potatorem
307 3411 548 3498 denominetur,
575 3432 679 3501 neque
707 3412 835 3498 aquilae
864 3411 974 3480 ornari
1003 3431 1107 3500 nequa

895 3512 949 3573 lt'
