2800 3790
319 137 517 192 unvunsvas
534 137 700 192 redarios
718 138 761 192 m
780 141 877 196 r-ro.
1065 135 1108 202 ‘13

15 277 196 346 „refusae
220 279 427 346 uoluntatem
453 278 557 346 libero
585 278 787 366 honestoque
808 275 927 346 stuldio
949 278 1106 346 inseruire
1273 349 1276 361 ,

90 366 164 453 paui
191 371 290 452 atque
316 367 352 432 in
378 387 548 434 oommuue
575 367 744 434 oonsulere
764 400 811 416 -
833 366 919 452 quod
946 367 1036 451 prius
1066 389 1107 436 ue
1195 393 1197 396 ·
1274 373 1277 388 '

91 475 158 521 uua
184 454 315 541 quidem
337 453 454 520 ciuitas
476 473 601 520 uuusue
623 454 762 541 populus
784 453 904 520 muium
927 452 993 540 uel,
1020 453 1106 540 quod

93 542 198 612 maius
221 546 284 630 est,
306 563 374 610 uua
396 541 511 611 domus
534 540 674 610 fratrum
697 541 818 632 iugiter
840 542 960 610 habere
982 541 1106 631 potuis·
1274 592 1277 642 ;

65 639 143 702 eset
156 657 213 719 -3
235 632 352 722 quodsi
374 631 483 715 etium,
505 655 579 702 oum
597 632 778 721 imperanto
792 630 931 701 camare
949 631 1016 700 ista
1032 655 1106 720 pro·
1124 641 1142 696 t
1274 649 1277 722 ς

93 723 251 877 luenerint,
275 724 310 789 iu
332 724 407 808 ipso
423 723 566 826 'imperio
589 719 739 790 anearis
761 722 920 825 inluxisse
941 726 1051 826 ortum
1071 724 1107 790 iu

117 831 156 878 oo
184 803 306 876 mundo
334 809 469 876 Domrur
497 814 603 876 nostri
633 808 708 876 Iesu
738 807 861 876 (ibrists
891 809 1107 893 hqurdrssrma

92 898 283 986 probatione
315 897 525 965 manifestum
552 901 615 965 est:
644 895 742 965 inuiti
771 895 847 964 liost
872 895 935 984 illi,
962 917 1046 984 quos
1071 897 1144 964 ius
1275 885 1278 904 '

93 987 331 1072 blasphemiam
363 987 524 1074 urguebat
551 985 692 1072 inuidia,
722 1004 918 1072 cognoscere
947 984 1107 1074 faterique

53 1079 264 1162 rsoogeutuu
289 1095 404 1160 paoem
430 1075 528 1141 istam
555 1074 659 1142 totius
686 1073 801 1140 muudi
823 1077 858 1140 et
879 1073 1108 1160 tranquillissi-

92 1183 179 1228 mam
207 1163 416 1229 tenuitatem
442 1181 511 1228 uon
537 1160 762 1248 magnitudine
788 1157 940 1228 Caesaris
966 1160 1024 1228 sed
1050 1184 1108 1247 po·

93 1253 212 1317 metato
234 1249 295 1316 lilii
315 1249 392 1334 Dei,
419 1250 475 1336 qui
497 1249 533 1316 iu
554 1248 670 1316 diebus
693 1245 843 1316 Comaru
866 1249 1034 1335 apparuit,
1055 1271 1107 1317 ex·

93 1336 221 1404 stitisse·
244 1359 305 1404 ueo
333 1339 429 1405 unius
451 1337 542 1405 urbis
565 1337 755 1423 imperatori
778 1336 833 1404 sad
857 1337 996 1404 creatori
1018 1337 1108 1406 orbis

92 1425 237 1492 uniuersi
255 1426 368 1492 orbem
385 1425 493 1512 ipsum
511 1425 656 1513 generali
669 1446 707 1493 oo
754 1425 856 1492 itione
869 1424 1027 1510 paruisse,
1044 1425 1108 1513 qui,

53 1513 178 1579 sesicut
209 1513 260 1579 sol
289 1513 398 1580 oriens
427 1512 514 1580 diem
543 1513 615 1579 luoe
644 1533 686 1600 pe
718 1513 825 1598 uudit,
856 1511 905 1578 ita
933 1511 1108 1580 &ueniam

92 1599 344 1666 misericorditer
369 1602 503 1667 extenta
530 1599 684 1667 mnndum
713 1619 793 1684 pars
818 1599 977 1670 uestisrit.
1021 1599 1107 1686 quod

92 1687 236 1772 plenius,
263 1708 337 1755 oum
364 1687 405 1754 ad
433 1686 467 1754 id
495 1687 567 1773 ipso
594 1687 781 1774 perliniente
804 1686 947 1755 Domino
973 1691 1109 1755 uentum

92 1774 200 1858 luerit,
220 1773 411 1862 proferatur.

158 1862 175 1931 1
202 1863 266 1932 'tur
287 1885 374 1932 anuo
392 1863 435 1932 ab
452 1862 533 1931 urbe
551 1861 682 1931 condita
700 1880 866 1933 cocovnu
885 1862 1025 1932 Romani
1043 1863 1146 1932 bel-s

52 1966 80 2012 w
93 1953 160 2020 lum
212 1952 311 2020 atiuir
333 1952 569 2021 rebellantibus
591 1952 772 2022 intulerunt
794 1952 918 2022 Manlio
940 1953 1107 2042 Torquato

10 2056 81 2112 om
94 2046 128 2109 et
149 2041 250 2110 Deoio
273 2041 366 2110 Mure
388 2039 595 2111 oonsulibus.
634 2043 669 2110 in
692 2065 757 2131 quo
779 2043 865 2111 bello
887 2065 971 2111 uuus
993 2043 1107 2112 oonsul

92 2131 285 2201 intertrator
308 2137 368 2216 eet,
390 2132 474 2201 alter
496 2132 621 2201 exstitit
641 2131 815 2221 parricida.
855 2131 996 2201 Manliae
1019 2132 1142 2202 euima

91 2221 276 2310 Torquatus
298 2221 403 2290 lilium
425 2245 530 2309 suum,
552 2222 713 2310 iuuenem,
734 2223 903 2312 uiatorem,
924 2222 1107 2293 iuterfsoto-

92 2332 225 2400 remque
244 2310 361 2380 Maeuii
379 2311 563 2399 Tusculani,
585 2313 706 2381 uobilis
729 2313 848 2402 equitis
870 2317 905 2382 et
927 2318 998 2382 tum
1015 2335 1107 2400 prae·

52 2415 80 2459 κ
93 2401 187 2488 oipus
223 2402 433 2488 prouocantis
468 2405 568 2490 atque
599 2401 788 2470 iueulmtis
821 2403 942 2489 bostis,
978 2402 1105 2472 oooidit

93 2489 177 2558 alius
209 2511 288 2558 uero
320 2491 435 2559 oousul
462 2512 536 2558 oum
563 2491 681 2560 iterato
710 2491 862 2559 ooufliotu
889 2490 969 2559 illud
995 2506 1141 2578 bornus

93 2578 146 2647 oui
167 2582 333 2668 praeerat,
355 2578 446 2648 orodi
468 2583 568 2668 atque
590 2579 702 2667 adfligi
724 2579 857 2666 uideret,
879 2580 914 2648 in
937 2578 1106 2649 eonfertis·

94 2667 195 2738 simos
206 2669 319 2738 bostar
333 2674 450 2756 spouts
463 2670 635 2758 prolapsus
648 2669 808 2740 oooubuit
838 2667 980 2740 Manlius
994 2692 1105 2759 quam·
1123 2683 1142 2738 a

93 2758 144 2826 uis
171 2759 277 2827 uiator
302 2781 470 2828 oooursum
492 2764 604 2827 umen
626 2759 787 2828 nobilium
809 2759 964 2828 iuuenum
985 2759 1105 2829 Roma

52 2862 223 3003 sangrum,
246 2848 301 2938 qui
323 2849 470 3008 legitime
492 2849 637 2918 exhiberi
660 2849 754 2938 solet,
775 2849 982 2937 triumphans
1004 2849 1106 2938 parri·

93 2958 122 3006 or
144 2959 165 3005 a
185 2960 252 3005 uou
274 2959 378 3006 merur

158 3025 256 3094 Auno
277 3031 387 3096 autem
409 3030 486 3115 post
506 3026 596 3095 buno
619 3026 834 3114 subsequente
847 3027 989 3095 Μὶηιιοὶι
1010 3027 1105 3118 uirgo
1123 3040 1142 3093 ι

93 3112 236 3182 Vestalis
263 3114 306 3184 ob
329 3115 508 3184 admissum
525 3115 690 3184 -iuoestum
713 3115 870 3184 damnata
892 3122 943 3184 est
965 3115 1106 3206 uiasque

36 3219 38 3222 ·
92 3201 211 3272 obruta
231 3203 267 3271 iu
290 3225 416 3292 eampo,
437 3203 494 3292 qui
515 3225 602 3273 uuuo
623 3205 840 3273 sceleratus
863 3208 1007 3274 uocatur.

51 3303 79 3349 υ
158 3290 205 3359 At
223 3314 308 3361 uero
334 3315 438 3380 paruo
466 3293 552 3362 emm
578 3297 724 3380 tempore
753 3291 921 3362 interiecto
951 3294 1104 3364 horresco
1121 3301 1159 3362 10
1304 3374 1307 3388 Ι

92 3378 211 3447 reterre
262 3379 327 3448 uod
355 3387 486 3469 gestum
514 3385 572 3450 est
617 3403 695 3450 uam
725 3379 861 3450 Claudio
888 3380 1042 3452 Mareello
1072 3390 1107 3452 et

91 3465 223 3537 Valerio
393 3469 581 3540 oonsulibus
608 3471 794 3541 inmedibili
819 3471 910 3541 rabis
936 3477 972 3542 et
995 3493 1106 3543 amors
