2744 3800
1260 123 1264 152 1

338 191 534 244 anvaasvu
551 191 717 246 proauos
736 191 788 244 vn
807 195 832 248 r.
850 176 892 248 s.'
1052 188 1115 255 247
1251 172 1272 264 pl

108 333 244 403 cruciari
266 331 439 420 imperauit
459 331 629 419 ipsumque
647 353 766 400 nomen
784 332 964 419 exstirpare
982 337 1117 400 conatus

108 422 314 490 beatissimos
337 417 461 488 Christi
489 421 660 508 apostolos
687 421 819 488 Petrum
847 443 954 507 cruce,
981 421 1118 488 Paulum
1255 484 1276 518 ‚A

107 509 217 600 gladio
253 508 381 579 occidit
434 529 510 578 mor
546 509 724 578 aceruatim
761 508 914 578 miseram
950 509 1118 578 ciuitatem
1137 521 1170 574 ιι
1257 520 1269 586 l

108 603 241 670 obortae
269 598 410 686 undique
432 621 621 687 oppressere
644 600 759 668 clades.
804 621 881 667 narn
903 601 1118 688 subsequente
1257 664 1262 691 2

81 695 263 758 ‘autumno
292 693 388 756 muta
416 689 490 756 urbi
512 688 701 776 pestilentia
728 688 888 773 incubuit,
917 695 955 755 nt
982 690 1120 777 triginta
1258 740 1261 753 .

107 779 198 847 milia
219 777 367 844 lunarum
387 777 420 843 in
438 777 603 845 rationem
619 777 783 844 Libitinae
802 777 960 845 uenirent
992 776 1120 844 Britan·
1259 769 1264 853 J
1344 781 1345 856 Ῐ

107 869 181 935 nica
207 866 323 934 deinde
350 865 458 933 clades
481 888 499 932 e
523 866 664 955 uestigio
687 866 818 951 accidit,
844 888 909 954 qua
935 867 999 934 duo
1026 889 1119 953 prae·
1258 873 1266 931 3
1344 873 1345 886 ¹

108 959 202 1044 cipue
215 955 338 1044 oppida
350 975 469 1042 magna
482 954 601 1023 ciuium
620 956 845 1042 sociorumque
863 955 954 1023 clade
971 961 1006 1022 et
1023 955 1119 1024 caede

107 1047 236 1132 direpta
256 1049 342 1111 sunt
387 1051 555 1131 praeterea
581 1045 614 1111 in
643 1044 768 1112 oriente
791 1045 920 1132 magnis
944 1045 1172 1112 Armeniaci!
1272 1075 1275 1088 ·

69 1149 95 1190 ¹0
107 1133 283 1221 prouinciis
311 1132 441 1200 amissis
464 1133 631 1201 Romanas
655 1133 800 1221 legiones
823 1134 1017 1220 subiugum
1042 1132 1119 1199 Pur·
1264 1168 1267 1174 ·

107 1224 229 1290 thicurn
260 1221 391 1302 missae,
418 1244 439 1289 a
482 1244 580 1309 reque
602 1219 699 1308 Syria
725 1227 852 1289 retenta
877 1227 935 1290 ast
980 1223 1014 1289 in
1038 1221 1118 1288 Asia

92 1315 173 1378 ‘tres
191 1311 298 1396 urbes,
316 1311 378 1378 hoc
396 1243 619 1379 collisorum
633 1310 818 1399 Hierapolis
832 1311 995 1397 columae,
1013 1317 1119 1378 terrae

108 1405 197 1468 motu
225 1399 443 1466 conciderunt
491 1405 528 1466 at
554 1422 632 1467 uero
660 1397 747 1466 Nero
774 1405 947 1486 postquam
977 1399 1115 1467 Galbam
1136 1411 1171 1463 ιι

107 1487 141 1553 in
165 1487 325 1573 Hispania
348 1489 578 1573 imperatorem
601 1493 746 1553 creatum
770 1488 811 1553 ab
834 1487 975 1554 exercitu
998 1508 1118 1574 cogere·
1210 1536 1214 1542 -

69 1587 95 1629 ²⁸
108 1577 165 1660 nit,
188 1579 276 1640 totus
300 1573 409 1642 animo
432 1597 470 1642 ac
492 1597 550 1662 spa
573 1575 722 1643 concidit
758 1596 895 1662 cumque
918 1575 1119 1642 incredibilia

108 1662 354 1748 perturbandae,
376 1663 476 1729 immo
499 1663 702 1730 subruendae
725 1663 919 1747 reipublicae
942 1663 1029 1729 mala
1050 1685 1118 1730 mo·

108 1750 234 1832 liretur,
261 1749 367 1816 hostis
390 1770 411 1815 a
434 1755 549 1816 senatu
571 1751 801 1835 pronuntiatus
825 1757 858 1817 et
881 1750 1118 1836 ignominiosis·

109 1835 673 2010 ttttlttttttttt‘t‘tmtt
688 1837 1026 1992 ”stltiltmtt
1042 1837 1118 1991 tt:

275 1973 284 2008 i

26 2021 96 2166 cell
108 2017 344 2167 eumpppnoespb
368 2101 447 2167 urbs
469 2100 602 2168 condita
623 2117 814 2168 naumann
833 2099 939 2166 Galba
956 2123 978 2167 a
1000 2101 1042 2168 nd
1062 2099 1155 2167 lli-⁸

109 2189 239 2277 spanias
270 2189 443 2275 usurpauit
473 2189 653 2276 imperium.
703 2189 757 2277 qui
789 2210 879 2275 mox,
910 2194 948 2256 ut
977 2123 1120 2257 licronis

108 2285 246 2346 mortem
270 2279 431 2364 conperit,
458 2277 596 2346 Romam
620 2279 721 2363 usnit3
748 2300 884 2366 cumque
907 2301 1021 2347 omncs
1043 2301 1119 2345 ana-

107 2367 183 2434 titia
218 2367 356 2434 saeuitia
391 2367 594 2456 segnitiaque
631 2367 821 2454 offenderet,
862 2365 1014 2435 Pisonem
1055 2368 1119 2434 sibi

69 2456 251 2523 “nobilem
279 2456 537 2545 industriumque
565 2455 803 2524 adulescentem
830 2457 865 2524 in
894 2457 996 2524 lilium
1020 2461 1119 2544 atque

107 2544 312 2702 infeffi
324 2545 602 2702 adoptauipttcum
620 2567 686 2702 (pun
704 2546 842 2634 septimo
861 2567 972 2614 mense
990 2546 1118 2633 imperii

110 2655 202 2701 snra
315 2656 376 2703 one
399 2657 434 2702 ru
492 2658 567 2702 ans
590 2656 624 2701 es

174 2722 250 2790 Luit
272 2725 377 2791 Roma
398 2655 550 2792 anilibus
572 2725 754 2812 principum
777 2724 988 2812 excitatisque
1011 2725 1154 2793 ciuili-a

108 2811 167 2878 bus
191 2813 285 2879 bellis
312 2817 457 2880 recantes
480 2813 685 2881 Christianae
712 2812 881 2899 religionis
910 2813 1058 2898 iniurias,
1084 2819 1119 2880 et

68 2911 95 2955 ⁸⁰
108 2901 205 2988 signa
226 2901 284 2968 illa
306 2901 482 2987 legionum,
504 2923 585 2988 qnae
605 2903 666 2968 sub
684 2901 826 2968 aduentu
844 2902 878 2968 in
897 2902 1010 2970 urbem
1029 2902 1117 2969 Petri

107 2989 246 3074 apostoli
275 2989 433 3058 diuinitus
463 2990 628 3072 cohercita
658 2989 795 3058 conuelli
824 2990 915 3058 nullo
946 2990 1042 3059 modo
1065 2992 1117 3057 'ad

108 3078 314 3145 excitandum
337 3080 432 3146 ciuile
456 3079 575 3147 bellum
599 3079 781 3163 ualuerant,
803 3078 888 3166 quod
911 3101 969 3166 per
991 3077 1117 3148 Scribo·

107 3165 241 3232 nianum
264 3169 450 3253 parabatur,
473 3167 570 3235 Petro
588 3169 623 3234 in
642 3167 721 3234 urbe
739 3167 911 3235 interiecto
929 3173 964 3234 et
980 3167 1116 3237 Christi·

108 3252 180 3320 anis
203 3276 381 3339 poenarum
404 3255 594 3323 diuersitate
617 3254 748 3322 laniatis
767 3260 838 3322 tolo
860 3277 897 3323 se
915 3257 994 3324 erbe
1012 3257 1118 3323 solue·

68 3345 192 3405 cuma
237 3342 276 3406 de
303 3343 463 3429 Hispania
490 3344 646 3430 siquidem
675 3344 752 3410 ilico
781 3341 887 3411 Galba
919 3350 1154 3430 surrexerat;a

131 3445 173 3488 uo
190 3446 266 3490 mox
284 3449 439 3511 oppresso
457 3429 544 3497 Otho
563 3431 696 3509 Romae,
710 3429 863 3498 Vitellius
881 3431 915 3498 in
933 3430 1118 3516 Germania,

141 3509 330 3590 aspasianus
348 3513 383 3576 in
396 3511 492 3598 Syria
510 3514 648 3599 imperia
665 3517 761 3582 simul
780 3521 877 3602 atque
896 3539 988 3584 amna
1004 3539 1118 3604 rapue-
