2714 3788
319 55 515 111 snvussvu
532 56 698 112 ssoauos
716 58 767 111 vu
785 62 811 115 s.
830 62 856 114 a.
1025 54 1091 124 249

83 203 116 266 et
129 196 263 264 nefariis
278 195 384 264 modis
401 219 461 285 per
477 198 659 285 complures
678 199 745 266 dics
760 199 988 287 aVespasiani
1005 199 1091 266 mili-

80 287 167 353 tibus
199 283 370 351 aduersum
404 289 552 352 mustum
585 286 803 373 populumque
831 285 1014 354 Romanum
1041 287 1090 352 in·

81 373 219 440 discreta
240 370 337 439 caede
360 373 520 440 monitum
543 379 602 441 est

145 461 242 529 Anno
260 461 303 528 ab
322 460 401 528 urbs
420 461 551 528 condita
567 477 741 547 nocem,
762 461 855 528 breui
877 462 935 530 illa
957 462 1125 550 quideme
1262 459 1286 546 ξ·

53 549 136 618 used
149 549 280 618 turbida
292 554 508 636 tyrannorum
526 554 721 639 tempestate
740 550 894 637 discussa,
912 549 1091 638 tranquilla

79 640 140 708 sub
153 637 358 727 Vespasiano
369 639 453 707 duce
467 639 626 707 samnitas
639 639 742 708 rediit
773 660 924 726 namque,
941 644 980 707 ut
991 640 1086 724 paulo
1106 653 1123 706 s
1262 643 1265 699 i

79 729 176 797 altius
194 733 349 816 repetam,
371 726 483 796 Iudsei
500 735 579 816 post
594 729 780 817 passionem
798 725 922 797 Christi
940 727 1089 797 destituti

78 819 113 885 in
135 821 242 886 totum
264 817 371 905 gratis
392 815 454 884 Dei
476 839 551 885 cum
573 817 723 886 omnibus
745 817 888 906 undiquc
911 817 1009 885 malis
1031 817 1089 884 cir·

78 907 354 993 cumaenirentur,
381 906 576 993 quibusdam
598 908 633 974 in
656 905 808 976 carmelo
831 911 941 976 monte
965 905 1089 974 seducti
1187 979 1188 984 ἵ
1262 925 1277 969 :·

40 1017 66 1058 ιο
78 997 234 1083 sortibus,
262 1017 346 1100 quae
373 994 763 1102 portenderentnsxortos
793 1017 813 1062 a
841 995 962 1064 Iudaea
990 995 1088 1064 duces

77 1084 1087 1260 lltlltffidtstt‘tldttlt“bibliot

77 1262 166 1329 sidiis
189 1263 333 1350 legatum
356 1283 483 1347 quoquo
501 1259 615 1348 Syriae
632 1264 799 1348 suppetias
818 1261 975 1329 iurantem
992 1267 1087 1347 rapta

26 1367 65 1410 ass
78 1349 186 1437 aquila
204 1355 237 1417 et
254 1348 357 1416 cassia
375 1351 476 1436 copiis
491 1346 706 1437 liugsuerunt
738 1350 779 1419 ad
792 1350 854 1418 bos
867 1348 1086 1436 Vespasianus
1104 1354 1122 1405 ⁸
1262 1366 1264 1379 ⁴

38 1457 98 1506 ssa
123 1437 252 1507 Nerone
280 1437 398 1506 missin
425 1437 534 1506 'litum
561 1439 665 1505 lilium
693 1461 788 1506 suum
816 1439 971 1506 maiorem
1001 1438 1087 1504 inter

75 1528 201 1615 legatos
223 1527 354 1614 bebuii3
375 1550 453 1595 nam
476 1527 597 1595 multas
615 1532 651 1595 et
667 1526 793 1595 ualidas
811 1527 958 1614 legiones
977 1547 1087 1595 secum

74 1617 107 1682 in
126 1613 253 1702 Syriam
275 1614 412 1682 traiecit
449 1616 559 1703 itaquo
582 1637 655 1684 cum
673 1615 813 1684 Iudaeos
838 1616 950 1683 multis
973 1636 1086 1682 eorum

75 1705 202 1792 oppidis
221 1705 324 1791 captis
343 1705 379 1770 in
400 1704 516 1771 urbem
532 1703 834 1791 Hierosolymorum
852 1703 1024 1791 praecipue
1042 1704 1085 1772 ob

75 1793 158 1859 diem
178 1793 296 1859 fastum
320 1797 537 1880 congregatos
560 1793 730 1860 obsidione
752 1793 930 1873 clausisset,
952 1792 1085 1879 cognita

36 1879 213 1948 »Neronis
239 1883 344 1947 morte
371 1879 505 1946 hortatu
532 1880 744 1966 plurimorum
766 1901 880 1968 regum
908 1884 943 1946 st
967 1880 1085 1946 ducum

73 2005 117 2017 -
148 1969 286 2036 maxime
314 1967 446 2054 Iosspbi
474 1967 667 2037 ludaeorum
699 1968 789 2036 ducis
821 1967 996 2052 sententia,
1028 1967 1085 2054 qui

74 2063 188 2143 captus
202 2079 276 2124 cum
289 2055 324 2122 in
338 2057 447 2124 uincla
464 2056 651 2138 coiceretur,
669 2055 932 2125 constantissime
951 2056 1085 2142 dixer&

74 2146 159 2213 sicut
180 2143 353 2214 Suetonius
375 2146 489 2234 refert,
510 2147 664 2214 contimo
687 2169 723 2214 aa
745 2146 787 2213 ab
810 2145 923 2214 eodem
946 2144 1003 2212 scd
1024 2145 1083 2211 im·

73 2240 221 2322 peratore
240 2234 433 2302 soluendum
456 2271 499 2284 -
522 2235 695 2322 imparium
717 2234 854 2323 adeptus
875 2237 934 2318 est
956 2233 1085 2301 relicto·

37 2339 64 2382 ιε
77 2346 138 2410 que
160 2325 195 2390 in
217 2322 333 2392 castris
356 2323 398 2391 ad
420 2325 677 2411 procurationem
699 2323 878 2392 obsidionis
895 2321 1084 2408 Hierosoly·

72 2433 200 2480 morum
236 2413 303 2479 lilio
340 2411 431 2500 Tito,
469 2435 527 2501 per
565 2413 805 2480 Alexandriam·
828 2411 993 2499 proiectus
1033 2413 1085 2478 ast

72 2500 224 2589 Romam
259 2501 316 2570 aad
352 2501 485 2591 cognita
519 2500 745 2570 interlectione
776 2499 890 2569 Vitelli
921 2498 1084 2588 paulisper

73 2592 286 2659 Alexandriae
308 2593 467 2660 substitit
511 2591 603 2660 'litus
626 2613 703 2660 uero
727 2613 848 2680 magna
869 2611 908 2656 ac
930 2589 1118 2657 diuturnal

73 2680 240 2749 obsidione
257 2679 395 2750 Iudaeos
418 2702 578 2769 premens,
600 2681 759 2748 machinis
782 2680 969 2766 cunctisque
992 2678 1084 2748 belli·

34 2769 281 2838 adumetinus
304 2792 371 2838 non
394 2771 464 2838 sine
486 2769 590 2837 multo
613 2789 746 2836 suornm
769 2768 926 2857 sanguine
948 2767 1082 2836 tandem

72 2878 180 2925 muros
194 2859 338 2927 ciuihtis
352 2858 484 2945 inrupit
506 2858 562 2925 scd
576 2855 617 2924 ad
631 2857 880 2945 expugnandum
893 2857 1082 2926 interiorem

71 2947 184 3033 templi
211 2945 438 3032 munitionem,
465 2968 564 3034 quam
590 2945 717 3013 reclusa
739 2945 914 3014 multitudo
937 2944 1082 3013 sacerdo-

71 3037 142 3100 tum
164 3055 203 3102 ac
225 3035 405 3121 principum
432 3035 597 3121 tuebatur,
626 3035 748 3102 msiors
771 3034 806 3102 ui
828 3039 861 3100 et
884 3055 976 3103 mora
998 3055 1080 3121 opus

72 3119 142 3187 nis
186 3121 273 3207 quod
300 3127 411 3190 tamen
437 3127 611 3209 postquam
637 3122 673 3189 in
738 3127 891 3190 nassum
912 3122 1117 3190 redactum

33 3218 60 3260 π
72 3225 168 3289 opere
182 3213 280 3293 atque
299 3211 495 3296 antiquitate
514 3210 669 3295 suspexit,
708 3209 743 3276 in
760 3209 955 3277 deliberanit
969 3213 1078 3276 utrum

71 3293 237 3394 tamqnam
249 3294 496 3365 incitamentum
508 3297 655 3364 bostium
672 3297 860 3365 incenderet
877 3319 920 3363 an
937 3297 973 3363 in
989 3295 1080 3364 testi·

71 3395 216 3444 monsum
243 3381 399 3450 uictoriae
428 3387 616 3452 meruerat
661 3385 718 3452 sed
747 3384 896 3454 Ecclesia
922 3383 984 3454 Dsi
1013 3385 1079 3452 iam
