2826 3784
274 133 340 201 162
515 137 625 192 rsvm
642 137 765 193 onosn
781 137 1031 192 menonnnvn

272 279 449 348 susdtatus
477 279 587 368 puluis
614 281 741 349 caelum
770 280 986 367 subtexuerit,
1016 279 1102 348 diem
1132 278 1290 347 ademerit

271 374 467 458 nectuntque
493 368 677 458 obduxerit,
706 375 818 440 tantus
846 375 956 440 sutem
984 370 1126 440 telorum
1155 367 1288 438 nimbus

273 459 450 563 ingruerit,
475 463 513 528 ut
537 460 631 527 nulla
655 481 733 547 pars
760 459 905 548 corporis
932 460 974 529 ab
1001 459 1069 528 ictu
1095 463 1170 526 tuta
1193 461 1289 545 esset,

7 579 8 590 ¹
36 560 41 621 i
65 576 75 642 2
273 569 394 636 qmppe
412 548 530 636 quibus
548 553 583 616 et
598 549 689 617 uisus
706 549 749 617 acl
770 549 1032 638 prospiciendum
1054 547 1288 636 impedimento

36 636 76 747 3³
221 730 258 783 ι.
274 637 427 795 etse
444 637 1316 797 tffllt'bttttlffietmlfflmll'

273 816 377 905 mida,
398 821 438 885 ut
458 816 541 885 bene
564 817 769 886 conlocatum
791 751 927 887 leosteinll
943 822 1127 906 opportune
1149 815 1207 883 teli
1229 815 1288 882 im·

272 909 352 994 petu
373 906 556 994 rimaretur,
579 907 636 975 sed
658 907 769 994 petius
790 907 826 979 in
846 907 1005 977 incertum
1027 907 1096 995 pila
1113 905 1290 974 mittebant

271 997 354 1062 certi
380 997 467 1084 quod
493 997 630 1064 uulnera
656 997 780 1065 incerta
800 1018 868 1065 non
890 1002 1010 1066 essent
1054 998 1104 1064 ita
1126 995 1230 1063 coacti
1252 995 1288 1062 iu

271 1105 374 1152 unum
404 1083 547 1152 Romani
577 1085 703 1172 pedites
736 1086 965 1154 domabuntur.
1014 1083 1287 1171 intercapedinem
1300 1103 1328 1147 sc

222 1177 259 1230 ¹⁸
276 1172 361 1240 muti
386 1173 522 1262 periculi
548 1194 614 1242 uox
635 1173 856 1244 interueniens
879 1173 977 1244 (ledit.
1021 1173 1135 1242 eadem
1157 1177 1288 1260 postera

274 1260 328 1329 dic
357 1267 392 1330 et
417 1263 496 1330 belli
525 1267 560 1330 et
587 1265 723 1351 periculi
752 1263 868 1333 iacies:
897 1285 1065 1351 erumpere
1093 1265 1128 1331 in
1157 1262 1287 1330 boetem

273 1351 423 1438 mannis
440 1352 555 1420 stricte
572 1353 666 1420 miles
684 1353 795 1441 gladio
811 1374 878 1422 non
895 1353 1035 1439 uelabat,
1057 1351 1182 1420 eminus
1200 1351 1287 1418 enim

184 1527 187 1534 Ι
269 1440 385 1508 ἱωιιΙίι
398 1441 630 1529 repellebatur3
647 1441 761 1531 lugere
778 1464 844 1511 nun
862 1445 1023 1529 poterant,
1039 1441 1181 1530 undique
1199 1438 1286 1508 enim

217 1533 254 1587 ¹4
271 1529 415 1596 uelocior
428 1528 470 1597 acl
487 1531 743 1616 persequendum
761 1553 859 1619 eques
876 1529 1070 1599 inlcluserst
1102 1531 1169 1597 ism
1187 1529 1287 1596 tertia
1299 1559 1322 1599 n
1336 1547 1379 1591 sec

238 1627 240 1632 “
271 1615 343 1683 dies
365 1621 400 1684 et
419 1617 545 1684 nullum
566 1616 788 1704 undecumque
815 1619 915 1686 suffra
941 1619 1020 1702 um,
1046 1617 1117 1684 dira
1144 1616 1287 1702 undique
1300 1634 1327 1678 ss

269 1704 386 1771 mertis
408 1703 508 1772 iacies
530 1705 747 1773 obiciebatur:
771 1707 902 1774 tandem
961 1706 1048 1772 arius
1070 1705 1184 1773 consul
1207 1703 1287 1770 lorti

269 1791 495 1878 desperatione
522 1793 591 1879 spei
618 1793 707 1859 uiem
733 1792 826 1878 lacit,
851 1793 1004 1859 uniuerso
1031 1793 1128 1858 simul
1156 1791 1286 1877 agmine

270 1880 422 1965 prorupit
438 1900 458 1945 e
474 1879 563 1947 ualle
581 1899 759 1966 campoque
777 1901 848 1946 sese
871 1879 968 1946 simul
990 1883 1024 1946 et
1046 1879 1172 1964 proelio
1189 1875 1286 1943 dedit

219 1980 256 2033 cs
273 1969 309 2032 et
335 1987 409 2034 cum
434 1967 556 2034 iterum
581 1966 767 2034 circumfusi
793 1967 905 2034 hostes
926 1987 994 2034 non
1016 1967 1122 2032 sulum
1145 1963 1286 2052 agminis
1299 1981 1327 2025 ce

273 2057 421 2122 umerus
441 2054 612 2142 laniarent,
634 2077 748 2123 uerum
771 2055 871 2122 stiam
888 2054 995 2121 medis
1012 2052 1156 2120 excussis
1173 2051 1286 2138 procul

267 2143 346 2211 telis
377 2143 548 2230 aederent
579 2143 792 2230 turbatosque
823 2143 990 2211 Romnum
1020 2143 1154 2228 insuper
1185 2138 1284 2208 etium

268 2237 381 2300 scetus
411 2232 507 2317 solis,
537 2231 747 2300 intolerantia
779 2233 866 2316 sitis,
896 2230 1011 2297 mortis
1043 2229 1286 2298 circumstantia

266 2340 371 2406 usque
398 2318 441 2386 ud
470 2322 650 2387 amomum
677 2319 914 2406 desperationis
942 2317 1147 2404 defatigaret,
1176 2317 1285 2383 subito
1377 2365 1379 2368 -

267 2411 384 2476 numm
406 2407 488 2475 illud
509 2407 909 2490 Romanorumatluersus
931 2405 1030 2474 Atros
1050 2408 1283 2492 tempestatum
1297 2421 1324 2466 ss

268 2495 487 2585 imbriumque
504 2497 695 2584 suffragium
712 2497 802 2564 caelo
820 2497 955 2563 missum
975 2495 1161 2582 insperatae
1185 2493 1285 2562 saluti

214 2594 252 2647 ¹⁸
269 2585 342 2654 suia
387 2585 546 2675 siquidem
574 2586 745 2673 repentine
772 2585 884 2673 pluuia
912 2583 1099 2651 sitientibus
1128 2582 1284 2650 Romanis

267 2679 303 2745 et
324 2675 549 2746 uestumtibus
570 2675 774 2766 refrigerium
797 2678 973 2764 potumque
995 2671 1158 2763 praebuit,
1186 2691 1284 2760 poure

267 2769 377 2834 autem
389 2765 542 2836 Numidis
559 2764 695 2834 bestilia
712 2767 861 2851 telorum,
879 2786 962 2850 quas
980 2785 1080 2831 manu
1097 2762 1284 2849 intorquere

267 2853 339 2920 sine
361 2853 535 2920 mentis
557 2854 674 2939 solent,
695 2852 820 2920 lubrice
841 2873 881 2918 ac
902 2873 961 2939 per
982 2851 1045 2918 bec
1067 2851 1197 2917 inutilia
1213 2849 1282 2915 red·
1295 2865 1324 2909 sc

212 2949 250 3002 st
268 2938 366 3025 didit3
389 2943 482 3007 scuta
499 2939 609 3026 etism,
630 2961 715 3028 quas
737 2937 903 3025 elephanti
920 2937 1008 3006 corio
1032 2941 1163 3003 extento
1186 2940 1284 3023 atque

267 3026 386 3095 durate
412 3027 538 3096 bubilia
563 3032 598 3095 et
622 3031 697 3095 tnta
722 3027 897 3115 gestabant
921 3059 961 3074 -
985 3024 1077 3092 cuius
1104 3046 1144 3091 ea
1164 3027 1285 3090 natura

268 3119 330 3200 est,
350 3115 390 3182 ut
411 3120 578 3202 acceptum
600 3116 739 3181 imbrem
760 3119 929 3200 tamquam
951 3111 1089 3199 spongia
1110 3111 1223 3178 ebibat
1246 3130 1284 3176 ac

266 3223 326 3288 per
354 3201 417 3269 bec
445 3202 651 3268 intractabile
679 3201 851 3288 repentino
881 3199 1022 3288 pondere
1051 3198 1111 3266 liat
1135 3231 1181 3248 -
1207 3197 1285 3285 quis

267 3288 470 3359 eirmmlsrri
481 3311 548 3358 non
562 3293 723 3378 poterant,
740 3287 913 3357 defendere
924 3286 1151 3376 nequiuerunt.
1180 3285 1283 3353 itaer
1295 3299 1324 3346 ss

213 3373 1285 3556 eumenen

71 2108 82 2514 l

73 2743 81 3069 l

72 3092 79 3252 l

42 3412 49 3777 ——-—————--..
41 2908 48 3394 ffl———m
40 2634 47 2883 ..--.-—-
42 2594 46 2611 -
43 2524 46 2553 -
42 2450 46 2465 -
42 2398 46 2413 -

59 3263 78 3457 ,—————-

71 3628 79 3777 ›..—-—
74 3568 78 3583 -

1365 3733 1405 3774 ,A
