2750 3800
227 161 295 229 214
471 165 580 220 rem
598 165 722 222 OROSH
737 165 987 222 meromvsr

228 312 360 378 aucmre
381 314 416 377 et
437 309 597 398 principe,
623 309 774 378 heredem
801 317 835 379 et
861 312 946 379 sedis
974 315 1008 380 et
1029 311 1239 380 diuinationis

226 405 261 465 ct
285 397 429 466 nominis
456 399 620 466 exstitisse
647 399 757 488 ibique
779 423 853 468 eum
875 400 1008 468 reddere
1031 401 1168 486 elegisse
1190 421 1240 468 re·

227 508 356 573 sponsa,
378 486 434 554 ubi
455 492 529 554 orta
550 509 624 554 curn
642 493 774 591 auctore
791 488 865 574 ipsa
882 488 1040 556 diuinatio
1058 488 1239 575 uidebatur,

173 589 209 641 ¹⁸
224 581 395 732 lutto:
413 576 1020 752 llztltlllzzlttlsttssl
1035 582 1238 733 titul
1264 681 1278 724 .

223 757 333 822 ructat
353 753 488 840 insanie,
509 753 551 820 ad
573 774 669 841 quem
691 754 822 841 plurimi
844 759 1003 822 terrarum
1025 775 1120 842 reges
1143 755 1237 843 quasi

224 841 266 908 ad
296 841 408 908 uiuam
437 863 551 910 uocem
585 843 726 910 consulti
756 843 901 911 numinis
932 848 1154 930 cucurrerunt,
1185 843 1237 912 cui

172 1031 209 1083 1⁸
224 929 414 1084 saepissirtne
445 931 520 1084 iim·
540 951 667 1084 (ἓιἽῗο
688 929 1237 1086 ,ΒοιέωὲιιιίΚοριιῐοιῖΰῐίοἰίἱωαὸᾶουι

224 1038 549 1192 muhamath
575 1039 781 1192 {godditus
798 1041 1277 1196 yrelidtirspinidoemabdliotedi1⁰

224 1199 288 1281 est,
315 1195 394 1282 quid
423 1195 535 1262 uiuum
565 1195 761 1264 demortua
786 1196 920 1284 pecude,
950 1197 1027 1284 quid
1055 1218 1168 1266 uerum
1196 1195 1235 1264 de

225 1289 355 1352 amente
375 1285 568 1354 muliercula
590 1285 714 1371 sperari
736 1286 869 1372 potest?
896 1287 974 1374 quid
995 1291 1177 1374 postremo,

347 1423 468 1482 'lussauit
484 1441 549 1480 cum
565 1423 679 1497 pinguis
697 1423 767 1480 ebur
784 1423 944 1495 Tyrrhenus
962 1425 999 1482 ad
1017 1443 1095 1496 aras,
1251 1445 1274 1486 s·
1287 1435 1327 1479 tn

220 1549 376 1637 expositis
389 1551 517 1638 opimae
535 1550 665 1636 pecudis
684 1551 858 1637 intestinis,
875 1573 941 1619 uon
960 1552 1064 1640 linget
1081 1552 1233 1632 esuriens,

220 1639 260 1726 si,
281 1643 323 1794 ultl
339 1639 402 1727 ipsi
424 1639 578 1743 latentur,
600 1640 652 1707 uel
675 1640 814 1708 obscura
835 1641 887 1708 uel
905 1640 989 1745 falsa
1007 1639 1144 1708 dicendo
1161 1639 1233 1746 ipse
1249 1655 1274 1699 1⁵

170 1744 205 1796 ¹²
218 1730 344 1885 tol
364 1729 512 1885 llll
522 1730 751 1904 „llllsslll
761 1751 813 1884 13⁰
814 1731 1124 1886 llltlzfflllt*
1125 1735 1233 1885 leil

219 1907 404 2012 prohibere,
434 1907 521 1995 quod
547 1912 723 1994 potuerunt
748 1907 887 1974 maiores
914 1929 1026 1975 eorum
1055 1907 1108 1974 uel
1137 1927 1232 1994 expe·

219 1997 332 2066 ruendo
354 2002 569 2066 contemnere

166 2103 201 2156 tt
285 2086 414 2153 Interea
437 2085 523 2172 apud
545 2085 762 2172 Dyrrachium
785 2086 880 2152 multi
907 2086 1044 2153 orientis
1072 2107 1107 2152 re
1131 2107 1166 2151 es
1189 2085 1231 2152 ad
1245 2101 1273 2143 ω

217 2173 409 2262 Pompeium
430 2197 503 2242 cum
523 2175 651 2241 auxiliis
669 2179 898 2241 conuenerunt
935 2196 999 2260 quo
1017 2195 1091 2240 oum
1109 2106 1231 2240 {neser

217 2263 370 2348 uenisset,
391 2261 581 2350 Pompeium
604 2261 773 2330 obsidione
794 2263 916 2330 lmstra
938 2261 1050 2347 cinxit,
1071 2262 1141 2347 ipse
1164 2265 1230 2328 ter·

216 2373 288 2418 ram
307 2351 488 2438 quindecim
506 2373 549 2418 m.
566 2373 597 2438 p.
615 2351 706 2418 fossa
723 2355 941 2436 praestruens,
964 2372 1037 2416 cum
1057 2350 1107 2416 illi
1126 2349 1230 2415 maria

165 2457 200 2510 ts
217 2445 376 2528 paterent.
419 2439 593 2526 Pompeius
623 2441 793 2506 castellum
820 2437 982 2526 quoddam
1011 2437 1230 2524 propinquum

216 2528 652 2684 3333333
674 2526 1270 2683 3333333333

216 2639 432 2794 Torquatqu
448 2703 673 2792 legionemque
704 2725 820 2787 unam,
853 2664 901 2770 ut,
923 2706 1142 2789 expugnaret,
1173 2700 1230 2767 ad·

162 2811 200 2867 ¹⁰
217 2815 348 2883 gressus
370 2798 431 2862 est.
464 2793 528 2862 hoc
549 2792 692 2880 periculo
715 2792 878 2860 sociorum
899 2790 1074 2878 Pompeius
1096 2789 1230 2878 cognito

216 2904 331 2952 omues
353 2905 393 2951 eo
419 2885 531 2970 copias
558 2881 734 2950 contraxit:
760 2881 797 2948 in
822 2901 919 2968 quem
947 2901 983 2948 se
1009 2879 1085 2948 ilico
1109 2877 1231 2947 Cacsar

216 2973 340 3042 omissa
365 2973 533 3041 obsidione
560 2971 732 3040 conuertit.
776 2969 962 3057 Torquatus
991 2973 1100 3036 autem
1130 2990 1148 3036 e
1175 2989 1227 3034 ue·
1242 2983 1271 3026 ⁸⁰

162 3081 198 3134 ιι
216 3061 316 3148 stigio
337 3081 551 3150 prorumpens
574 3081 724 3127 auersum
741 3059 905 3126 insecutus
923 3062 982 3126 est
1018 3058 1067 3125 ita
1080 3054 1229 3125 Caesaris
1283 3062 1287 3071 '

214 3151 337 3219 milites
364 3150 499 3237 ancipiti
525 3149 668 3236 periculo
695 3147 802 3216 territi
831 3147 904 3235 ipso
934 3144 1075 3216 Caesare
1106 3146 1230 3214 frustra

215 3241 397 3310 obsistente
422 3239 587 3330 fugeruut
631 3236 804 3324 Pompeius
826 3257 905 3305 uero
928 3233 1079 3304 Caesaris
1101 3256 1229 3324 quoque

215 3329 404 3399 testimonio
435 3331 540 3398 uictor
570 3331 814 3414 persequentem
846 3325 1013 3394 reuocauit
1045 3324 1229 3392 exercitum.

216 3421 371 3508 quattuor
396 3418 487 3488 milia
513 3417 654 3506 militum
681 3413 843 3501 meede,
874 3413 1080 3482 centuriones
1109 3411 1229 3501 uiginti
1242 3427 1270 3471 ea

214 3515 252 3576 et
271 3509 346 3596 duo,
366 3509 491 3597 equites
508 3505 650 3575 Romani
672 3503 845 3593 conplures
870 3499 912 3591 lin
933 3523 973 3570 eo
994 3500 1119 3589 proelio
1141 3499 1229 3568 caesi
1245 3528 1269 3569 a
1282 3515 1323 3559 ω

1279 3705 1342 3768 Δ
