<?xml version="1.0" encoding="UTF-8"?>
<!DOCTYPE html PUBLIC "-//W3C//DTD XHTML 1.0 Transitional//EN"
    "http://www.w3.org/TR/xhtml1/DTD/xhtml1-transitional.dtd">
<html xmlns="http://www.w3.org/1999/xhtml" xml:lang="en" lang="en">
 <head>
  <title>
</title>
<meta http-equiv="Content-Type" content="text/html;charset=utf-8" />
  <meta name='ocr-system' content='tesseract 3.04.00' />
  <meta name='ocr-capabilities' content='ocr_page ocr_carea ocr_par ocr_line ocrx_word'/>
</head>
<body>
  <div class='ocr_page' id='page_1' title='image "./pavliorosiihist01orosgoog_0114.png"; bbox 0 0 2800 3790; ppageno 0'>
   <div class='ocr_carea' id='block_1_1' title="bbox 280 168 1032 236">
    <p class='ocr_par' dir='ltr' id='par_1_1' title="bbox 280 168 1032 236">
     <span class='ocr_line' id='line_1_1' title="bbox 280 168 1032 236; baseline 0.004 -9"><span class='ocrx_word' id='word_1_1' title='bbox 280 168 325 236; x_wconf 74' lang='grc'>74</span> <span class='ocrx_word' id='word_1_2' title='bbox 517 173 626 228; x_wconf 74' lang='lat' dir='ltr'>ram</span> <span class='ocrx_word' id='word_1_3' title='bbox 643 173 767 229; x_wconf 68' lang='grc'><strong>030811</strong></span> <span class='ocrx_word' id='word_1_4' title='bbox 783 173 1032 230; x_wconf 73' lang='lat' dir='ltr'>msuomvu</span> 
     </span>
    </p>
   </div>
   <div class='ocr_carea' id='block_1_2' title="bbox 176 311 1289 404">
    <p class='ocr_par' dir='ltr' id='par_1_2' title="bbox 176 311 1289 404">
     <span class='ocr_line' id='line_1_2' title="bbox 176 311 1289 404; baseline 0.004 -27"><span class='ocrx_word' id='word_1_5' title='bbox 176 355 179 364; x_wconf 81' lang='lat'><em>·</em></span> <span class='ocrx_word' id='word_1_6' title='bbox 241 315 437 382; x_wconf 81' lang='lat' dir='ltr'>xeeelerum</span> <span class='ocrx_word' id='word_1_7' title='bbox 457 311 625 382; x_wconf 82' lang='lat' dir='ltr'>Romanae</span> <span class='ocrx_word' id='word_1_8' title='bbox 650 319 820 384; x_wconf 68' lang='lat' dir='ltr'>munnae</span> <span class='ocrx_word' id='word_1_9' title='bbox 842 319 1039 385; x_wconf 81' lang='lat' dir='ltr'>exaruerunt</span> <span class='ocrx_word' id='word_1_10' title='bbox 1084 318 1157 384; x_wconf 86' lang='lat' dir='ltr'>erat</span> <span class='ocrx_word' id='word_1_11' title='bbox 1177 315 1289 404; x_wconf 89' lang='lat' dir='ltr'>atique</span> 
     </span>
    </p>
   </div>
   <div class='ocr_carea' id='block_1_3' title="bbox 238 401 1378 1036">
    <p class='ocr_par' dir='ltr' id='par_1_3' title="bbox 238 401 1378 1036">
     <span class='ocr_line' id='line_1_3' title="bbox 278 401 1291 492; baseline 0.003 -23"><span class='ocrx_word' id='word_1_12' title='bbox 278 403 392 470; x_wconf 83' lang='lat' dir='ltr'>foedae</span> <span class='ocrx_word' id='word_1_13' title='bbox 412 401 469 469; x_wconf 86' lang='lat' dir='ltr'>ille</span> <span class='ocrx_word' id='word_1_14' title='bbox 485 423 525 470; x_wconf 88' lang='lat' dir='ltr'>ae</span> <span class='ocrx_word' id='word_1_15' title='bbox 541 402 698 490; x_wconf 80' lang='lat' dir='ltr'>pentilena</span> <span class='ocrx_word' id='word_1_16' title='bbox 716 425 820 472; x_wconf 85' lang='lat' dir='ltr'>annue</span> <span class='ocrx_word' id='word_1_17' title='bbox 837 402 1042 492; x_wconf 84' lang='lat' dir='ltr'>inflioteeqae</span> <span class='ocrx_word' id='word_1_18' title='bbox 1059 403 1126 472; x_wconf 85' lang='lat' dir='ltr'>iam</span> <span class='ocrx_word' id='word_1_19' title='bbox 1147 403 1291 491; x_wconf 90' lang='lat' dir='ltr'>undique</span> 
     </span>
     <span class='ocr_line' id='line_1_4' title="bbox 278 487 1378 578; baseline 0.003 -20"><span class='ocrx_word' id='word_1_20' title='bbox 278 487 479 559; x_wconf 65' lang='lat' dir='ltr'>moenum</span> <span class='ocrx_word' id='word_1_21' title='bbox 501 495 629 578; x_wconf 74' lang='lat' dir='ltr'>attagen</span> <span class='ocrx_word' id='word_1_22' title='bbox 651 491 868 578; x_wconf 70' lang='lat' dir='ltr'>egerebantur</span> <span class='ocrx_word' id='word_1_23' title='bbox 886 497 921 560; x_wconf 92' lang='lat' dir='ltr'>et</span> <span class='ocrx_word' id='word_1_24' title='bbox 938 493 1043 560; x_wconf 87' lang='lat' dir='ltr'>adhue</span> <span class='ocrx_word' id='word_1_25' title='bbox 1059 497 1172 562; x_wconf 82' lang='lat' dir='ltr'>tamen</span> <span class='ocrx_word' id='word_1_26' title='bbox 1189 511 1289 578; x_wconf 78' lang='lat' dir='ltr'>panea</span> <span class='ocrx_word' id='word_1_27' title='bbox 1300 518 1325 561; x_wconf 75' lang='lat' dir='ltr'>a</span> <span class='ocrx_word' id='word_1_28' title='bbox 1339 509 1378 554; x_wconf 77' lang='lat' dir='ltr'>m</span> 
     </span>
     <span class='ocr_line' id='line_1_5' title="bbox 278 578 1290 667; baseline 0 -21"><span class='ocrx_word' id='word_1_29' title='bbox 278 599 392 646; x_wconf 87' lang='lat' dir='ltr'>amaea</span> <span class='ocrx_word' id='word_1_30' title='bbox 413 578 455 646; x_wconf 92' lang='lat' dir='ltr'>de</span> <span class='ocrx_word' id='word_1_31' title='bbox 476 583 628 666; x_wconf 75' lang='lat' dir='ltr'>corrupto</span> <span class='ocrx_word' id='word_1_32' title='bbox 651 601 725 648; x_wconf 89' lang='lat' dir='ltr'>aere</span> <span class='ocrx_word' id='word_1_33' title='bbox 747 579 886 667; x_wconf 85' lang='lat' dir='ltr'>eimplex</span> <span class='ocrx_word' id='word_1_34' title='bbox 907 581 1081 648; x_wconf 86' lang='lat' dir='ltr'>eredulitae</span> <span class='ocrx_word' id='word_1_35' title='bbox 1104 584 1185 664; x_wconf 86' lang='lat' dir='ltr'>erat,</span> <span class='ocrx_word' id='word_1_36' title='bbox 1207 601 1290 664; x_wconf 85' lang='lat' dir='ltr'>oum,</span> 
     </span>
     <span class='ocr_line' id='line_1_6' title="bbox 278 666 1318 756; baseline 0 -22"><span class='ocrx_word' id='word_1_37' title='bbox 278 666 455 734; x_wconf 54' lang='lat' dir='ltr'>adeunte</span> <span class='ocrx_word' id='word_1_38' title='bbox 481 667 621 756; x_wconf 86' lang='lat' dir='ltr'>quadam</span> <span class='ocrx_word' id='word_1_39' title='bbox 648 667 766 736; x_wconf 74' lang='lat' dir='ltr'>moilla</span> <span class='ocrx_word' id='word_1_40' title='bbox 792 667 898 736; x_wconf 82' lang='lat' dir='ltr'>indiae</span> <span class='ocrx_word' id='word_1_41' title='bbox 920 673 955 738; x_wconf 86' lang='lat' dir='ltr'>et</span> <span class='ocrx_word' id='word_1_42' title='bbox 975 669 1200 754; x_wconf 80' lang='lat' dir='ltr'>nonniuoente,</span> <span class='ocrx_word' id='word_1_43' title='bbox 1226 667 1318 755; x_wconf 76' lang='lat' dir='ltr'>pri-e</span> 
     </span>
     <span class='ocr_line' id='line_1_7' title="bbox 277 755 1290 844; baseline 0.003 -24"><span class='ocrx_word' id='word_1_44' title='bbox 277 775 368 822; x_wconf 88' lang='lat' dir='ltr'>mum</span> <span class='ocrx_word' id='word_1_45' title='bbox 387 755 512 822; x_wconf 84' lang='lat' dir='ltr'>multae</span> <span class='ocrx_word' id='word_1_46' title='bbox 533 759 701 824; x_wconf 66' lang='lat' dir='ltr'>mamonae</span> <span class='ocrx_word' id='word_1_47' title='bbox 722 760 762 823; x_wconf 91' lang='lat' dir='ltr'>ut</span> <span class='ocrx_word' id='word_1_48' title='bbox 781 756 932 824; x_wconf 83' lang='lat' dir='ltr'>biberent</span> <span class='ocrx_word' id='word_1_49' title='bbox 954 779 1038 844; x_wconf 86' lang='lat' dir='ltr'>quae</span> <span class='ocrx_word' id='word_1_50' title='bbox 1059 760 1215 824; x_wconf 75' lang='lat' dir='ltr'>coxerant</span> <span class='ocrx_word' id='word_1_51' title='bbox 1236 777 1290 823; x_wconf 89' lang='lat' dir='ltr'>ae·</span> 
     </span>
     <span class='ocr_line' id='line_1_8' title="bbox 276 841 1290 932; baseline 0.002 -24"><span class='ocrx_word' id='word_1_52' title='bbox 276 862 364 908; x_wconf 86' lang='lat' dir='ltr'>uena</span> <span class='ocrx_word' id='word_1_53' title='bbox 391 843 590 929; x_wconf 84' lang='lat' dir='ltr'>eompuleae,</span> <span class='ocrx_word' id='word_1_54' title='bbox 620 841 749 930; x_wconf 83' lang='lat' dir='ltr'>deinde,</span> <span class='ocrx_word' id='word_1_55' title='bbox 780 843 876 912; x_wconf 89' lang='lat' dir='ltr'>eimul</span> <span class='ocrx_word' id='word_1_56' title='bbox 905 847 1003 932; x_wconf 86' lang='lat' dir='ltr'>atque</span> <span class='ocrx_word' id='word_1_57' title='bbox 1031 843 1181 930; x_wconf 74' lang='lat' dir='ltr'>hausere,</span> <span class='ocrx_word' id='word_1_58' title='bbox 1213 863 1290 911; x_wconf 85' lang='lat' dir='ltr'>oon·</span> 
     </span>
     <span class='ocr_line' id='line_1_9' title="bbox 238 931 1290 1036; baseline 0.008 -44"><span class='ocrx_word' id='word_1_59' title='bbox 238 935 426 1036; x_wconf 81' lang='lat' dir='ltr'>aeumptae</span> <span class='ocrx_word' id='word_1_60' title='bbox 442 935 529 998; x_wconf 79' lang='lat' dir='ltr'>aaut</span> <span class='ocrx_word' id='word_1_61' title='bbox 558 935 652 1000; x_wconf 68' lang='lat' dir='ltr'>hala</span> <span class='ocrx_word' id='word_1_62' title='bbox 669 937 779 999; x_wconf 85' lang='lat' dir='ltr'>autem</span> <span class='ocrx_word' id='word_1_63' title='bbox 799 931 973 1000; x_wconf 88' lang='lat' dir='ltr'>multitudo</span> <span class='ocrx_word' id='word_1_64' title='bbox 990 933 1054 1001; x_wconf 85' lang='lat' dir='ltr'>fait</span> <span class='ocrx_word' id='word_1_65' title='bbox 1067 936 1290 1000; x_wconf 84' lang='lat' dir='ltr'>matronarum</span> 
     </span>
    </p>
   </div>
   <div class='ocr_carea' id='block_1_4' title="bbox 178 1015 1290 1110">
    <p class='ocr_par' dir='ltr' id='par_1_4' title="bbox 178 1015 1290 1110">
     <span class='ocr_line' id='line_1_10' title="bbox 178 1015 1290 1110; baseline 0.001 -25"><span class='ocrx_word' id='word_1_66' title='bbox 178 1087 184 1094; x_wconf 82' lang='grc'><strong><em>,</em></strong></span> <span class='ocrx_word' id='word_1_67' title='bbox 276 1015 312 1084; x_wconf 91' lang='lat' dir='ltr'>in</span> <span class='ocrx_word' id='word_1_68' title='bbox 329 1017 382 1085; x_wconf 81' lang='lat' dir='ltr'>lune</span> <span class='ocrx_word' id='word_1_69' title='bbox 399 1017 598 1087; x_wconf 76' lang='lat' dir='ltr'>lauinorsoua</span> <span class='ocrx_word' id='word_1_70' title='bbox 615 1019 826 1105; x_wconf 69' lang='lat' dir='ltr'>nummorum,</span> <span class='ocrx_word' id='word_1_71' title='bbox 843 1023 882 1087; x_wconf 94' lang='lat' dir='ltr'>ut</span> <span class='ocrx_word' id='word_1_72' title='bbox 898 1023 1061 1088; x_wconf 69' lang='lat' dir='ltr'>meneutae</span> <span class='ocrx_word' id='word_1_73' title='bbox 1080 1019 1290 1110; x_wconf 74' lang='lat' dir='ltr'>eeptuaginta</span> 
     </span>
    </p>
   </div>
   <div class='ocr_carea' id='block_1_5' title="bbox 221 1105 1377 1992">
    <p class='ocr_par' dir='ltr' id='par_1_5' title="bbox 221 1105 1377 1992">
     <span class='ocr_line' id='line_1_11' title="bbox 276 1105 1330 1177; baseline 0.003 -3"><span class='ocrx_word' id='word_1_74' title='bbox 276 1105 450 1174; x_wconf 77' lang='lat' dir='ltr'>demae</span> <span class='ocrx_word' id='word_1_75' title='bbox 471 1127 512 1174; x_wconf 87' lang='lat' dir='ltr'>ex</span> <span class='ocrx_word' id='word_1_76' title='bbox 533 1106 599 1175; x_wconf 85' lang='lat' dir='ltr'>illia</span> <span class='ocrx_word' id='word_1_77' title='bbox 621 1105 719 1176; x_wconf 86' lang='lat' dir='ltr'>eimal</span> <span class='ocrx_word' id='word_1_78' title='bbox 741 1107 844 1176; x_wconf 78' lang='lat' dir='ltr'>inieee</span> <span class='ocrx_word' id='word_1_79' title='bbox 866 1107 1055 1177; x_wconf 67' lang='lat' dir='ltr'>nituntur.</span> <span class='ocrx_word' id='word_1_80' title='bbox 1303 1123 1330 1168; x_wconf 74' lang='grc' dir='ltr'>ιο</span> 
     </span>
     <span class='ocr_line' id='line_1_12' title="bbox 221 1194 1290 1266; baseline 0.003 -8"><span class='ocrx_word' id='word_1_81' title='bbox 221 1199 262 1258; x_wconf 81' lang='lat'>11</span> <span class='ocrx_word' id='word_1_82' title='bbox 366 1195 463 1263; x_wconf 88' lang='lat' dir='ltr'>Anno</span> <span class='ocrx_word' id='word_1_83' title='bbox 492 1196 535 1262; x_wconf 89' lang='lat' dir='ltr'>ab</span> <span class='ocrx_word' id='word_1_84' title='bbox 562 1195 643 1264; x_wconf 88' lang='lat' dir='ltr'>urbe</span> <span class='ocrx_word' id='word_1_85' title='bbox 671 1197 804 1264; x_wconf 86' lang='lat' dir='ltr'>oondita</span> <span class='ocrx_word' id='word_1_86' title='bbox 829 1213 995 1266; x_wconf 84' lang='lat' dir='ltr'>ccccxxn</span> <span class='ocrx_word' id='word_1_87' title='bbox 1022 1194 1207 1264; x_wconf 71' lang='lat' dir='ltr'>Alexander</span> <span class='ocrx_word' id='word_1_88' title='bbox 1232 1216 1290 1262; x_wconf 88' lang='lat' dir='ltr'>rex</span> 
     </span>
     <span class='ocr_line' id='line_1_13' title="bbox 277 1281 1287 1373; baseline -0.001 -24"><span class='ocrx_word' id='word_1_89' title='bbox 277 1281 496 1368; x_wconf 80' lang='lat' dir='ltr'>Epirotarum,</span> <span class='ocrx_word' id='word_1_90' title='bbox 512 1281 689 1351; x_wconf 72' lang='lat' dir='ltr'>Alexandri</span> <span class='ocrx_word' id='word_1_91' title='bbox 704 1283 795 1352; x_wconf 85' lang='lat' dir='ltr'>illiue</span> <span class='ocrx_word' id='word_1_92' title='bbox 807 1284 923 1373; x_wconf 78' lang='lat' dir='ltr'>Magni</span> <span class='ocrx_word' id='word_1_93' title='bbox 936 1285 1125 1368; x_wconf 86' lang='lat' dir='ltr'>auauoulae,</span> <span class='ocrx_word' id='word_1_94' title='bbox 1142 1282 1287 1350; x_wconf 75' lang='lat' dir='ltr'>traiectio</span> 
     </span>
     <span class='ocr_line' id='line_1_14' title="bbox 277 1367 1377 1458; baseline 0.004 -22"><span class='ocrx_word' id='word_1_95' title='bbox 277 1369 312 1436; x_wconf 91' lang='lat' dir='ltr'>in</span> <span class='ocrx_word' id='word_1_96' title='bbox 334 1367 465 1438; x_wconf 83' lang='lat' dir='ltr'>ltaliam</span> <span class='ocrx_word' id='word_1_97' title='bbox 492 1371 593 1458; x_wconf 85' lang='lat' dir='ltr'>oopiie</span> <span class='ocrx_word' id='word_1_98' title='bbox 615 1392 689 1439; x_wconf 88' lang='lat' dir='ltr'>eum</span> <span class='ocrx_word' id='word_1_99' title='bbox 713 1370 841 1439; x_wconf 81' lang='lat' dir='ltr'>&#39;bellam</span> <span class='ocrx_word' id='word_1_100' title='bbox 864 1373 1020 1440; x_wconf 79' lang='lat' dir='ltr'>aduenae</span> <span class='ocrx_word' id='word_1_101' title='bbox 1035 1372 1208 1447; x_wconf 75' lang='lat' dir='ltr'>,Romanoa</span> <span class='ocrx_word' id='word_1_102' title='bbox 1231 1391 1288 1455; x_wconf 85' lang='lat' dir='ltr'>pa·</span> <span class='ocrx_word' id='word_1_103' title='bbox 1301 1399 1324 1440; x_wconf 74' lang='lat' dir='ltr'>n</span> <span class='ocrx_word' id='word_1_104' title='bbox 1339 1389 1377 1432; x_wconf 75' lang='lat' dir='ltr'>m</span> 
     </span>
     <span class='ocr_line' id='line_1_15' title="bbox 276 1455 1288 1528; baseline -0.001 -2"><span class='ocrx_word' id='word_1_105' title='bbox 276 1463 366 1526; x_wconf 77' lang='lat' dir='ltr'>rarat</span> <span class='ocrx_word' id='word_1_106' title='bbox 398 1463 433 1526; x_wconf 82' lang='lat' dir='ltr'>et</span> <span class='ocrx_word' id='word_1_107' title='bbox 463 1459 550 1528; x_wconf 85' lang='lat' dir='ltr'>uixoa</span> <span class='ocrx_word' id='word_1_108' title='bbox 579 1455 734 1527; x_wconf 85' lang='lat' dir='ltr'>finitimae</span> <span class='ocrx_word' id='word_1_109' title='bbox 760 1456 884 1528; x_wconf 86' lang='lat' dir='ltr'>Romae</span> <span class='ocrx_word' id='word_1_110' title='bbox 913 1460 1011 1528; x_wconf 84' lang='lat' dir='ltr'>arbee</span> <span class='ocrx_word' id='word_1_111' title='bbox 1044 1459 1174 1527; x_wconf 80' lang='lat' dir='ltr'>firmare</span> <span class='ocrx_word' id='word_1_112' title='bbox 1200 1457 1288 1525; x_wconf 87' lang='lat' dir='ltr'>uirea</span> 
     </span>
     <span class='ocr_line' id='line_1_16' title="bbox 275 1545 1329 1640; baseline -0.007 -23"><span class='ocrx_word' id='word_1_113' title='bbox 275 1547 438 1618; x_wconf 66' lang='lat' dir='ltr'>exaratae</span> <span class='ocrx_word' id='word_1_114' title='bbox 465 1548 514 1618; x_wconf 85' lang='lat' dir='ltr'>nai</span> <span class='ocrx_word' id='word_1_115' title='bbox 542 1547 726 1640; x_wconf 86' lang='lat' dir='ltr'>auxiliaque</span> <span class='ocrx_word' id='word_1_116' title='bbox 752 1548 806 1618; x_wconf 83' lang='lat' dir='ltr'>ael</span> <span class='ocrx_word' id='word_1_117' title='bbox 828 1549 891 1619; x_wconf 88' lang='lat' dir='ltr'>eibi</span> <span class='ocrx_word' id='word_1_118' title='bbox 914 1547 1087 1639; x_wconf 82' lang='lat' dir='ltr'>adquirere</span> <span class='ocrx_word' id='word_1_119' title='bbox 1109 1548 1163 1617; x_wconf 86' lang='lat' dir='ltr'>uel</span> <span class='ocrx_word' id='word_1_120' title='bbox 1184 1545 1287 1615; x_wconf 83' lang='lat' dir='ltr'>lunati-</span> <span class='ocrx_word' id='word_1_121' title='bbox 1303 1565 1329 1610; x_wconf 83' lang='lat' dir='ltr'>ue</span> 
     </span>
     <span class='ocr_line' id='line_1_17' title="bbox 277 1635 1288 1726; baseline -0.001 -21"><span class='ocrx_word' id='word_1_122' title='bbox 277 1637 338 1705; x_wconf 82' lang='lat' dir='ltr'>boe</span> <span class='ocrx_word' id='word_1_123' title='bbox 359 1637 553 1707; x_wconf 86' lang='lat' dir='ltr'>aubtrahere</span> <span class='ocrx_word' id='word_1_124' title='bbox 573 1641 707 1708; x_wconf 87' lang='lat' dir='ltr'>atudene</span> <span class='ocrx_word' id='word_1_125' title='bbox 726 1639 826 1708; x_wconf 76' lang='lat' dir='ltr'>tellio</span> <span class='ocrx_word' id='word_1_126' title='bbox 848 1645 1064 1726; x_wconf 81' lang='lat' dir='ltr'>exornaretur,</span> <span class='ocrx_word' id='word_1_127' title='bbox 1091 1661 1112 1706; x_wconf 88' lang='lat' dir='ltr'>a</span> <span class='ocrx_word' id='word_1_128' title='bbox 1133 1635 1288 1706; x_wconf 84' lang='lat' dir='ltr'>Samniti·</span> 
     </span>
     <span class='ocr_line' id='line_1_18' title="bbox 277 1723 1287 1815; baseline 0 -24"><span class='ocrx_word' id='word_1_129' title='bbox 277 1723 338 1791; x_wconf 82' lang='lat' dir='ltr'>boe</span> <span class='ocrx_word' id='word_1_130' title='bbox 374 1727 431 1812; x_wconf 90' lang='lat' dir='ltr'>qui</span> <span class='ocrx_word' id='word_1_131' title='bbox 451 1725 601 1794; x_wconf 71' lang='lat' dir='ltr'>Lamnae</span> <span class='ocrx_word' id='word_1_132' title='bbox 623 1728 715 1814; x_wconf 75' lang='lat' dir='ltr'>genti</span> <span class='ocrx_word' id='word_1_133' title='bbox 737 1728 1013 1815; x_wconf 69' lang='lat' dir='ltr'>nemag-bantur,</span> <span class='ocrx_word' id='word_1_134' title='bbox 1035 1727 1178 1793; x_wconf 72' lang='lat' dir='ltr'>mammo</span> <span class='ocrx_word' id='word_1_135' title='bbox 1199 1724 1287 1792; x_wconf 88' lang='lat' dir='ltr'>bello</span> 
     </span>
     <span class='ocr_line' id='line_1_19' title="bbox 276 1811 956 1902; baseline 0.004 -23"><span class='ocrx_word' id='word_1_136' title='bbox 276 1811 312 1878; x_wconf 85' lang='lat' dir='ltr'>iu</span> <span class='ocrx_word' id='word_1_137' title='bbox 364 1813 479 1880; x_wconf 82' lang='lat' dir='ltr'>noenia</span> <span class='ocrx_word' id='word_1_138' title='bbox 500 1813 606 1880; x_wconf 84' lang='lat' dir='ltr'>aletae</span> <span class='ocrx_word' id='word_1_139' title='bbox 628 1817 727 1902; x_wconf 88' lang='lat' dir='ltr'>atque</span> <span class='ocrx_word' id='word_1_140' title='bbox 749 1815 874 1882; x_wconf 82' lang='lat' dir='ltr'>oaeieux</span> <span class='ocrx_word' id='word_1_141' title='bbox 897 1818 956 1882; x_wconf 85' lang='lat' dir='ltr'>eet</span> 
     </span>
     <span class='ocr_line' id='line_1_20' title="bbox 236 1899 1288 1992; baseline 0 -25"><span class='ocrx_word' id='word_1_142' title='bbox 236 1913 259 1967; x_wconf 79' lang='lat' dir='ltr'>x</span> <span class='ocrx_word' id='word_1_143' title='bbox 343 1899 422 1991; x_wconf 79' lang='lat' dir='ltr'>Sed,</span> <span class='ocrx_word' id='word_1_144' title='bbox 447 1901 602 1991; x_wconf 88' lang='lat' dir='ltr'>quoniam</span> <span class='ocrx_word' id='word_1_145' title='bbox 628 1903 830 1992; x_wconf 85' lang='lat' dir='ltr'>aliquantum</span> <span class='ocrx_word' id='word_1_146' title='bbox 852 1901 1018 1972; x_wconf 70' lang='lat' dir='ltr'>Reum</span> <span class='ocrx_word' id='word_1_147' title='bbox 1046 1899 1154 1970; x_wconf 84' lang='lat' dir='ltr'>eladea</span> <span class='ocrx_word' id='word_1_148' title='bbox 1176 1921 1288 1968; x_wconf 74' lang='lat' dir='ltr'>moen·</span> 
     </span>
    </p>
   </div>
   <div class='ocr_carea' id='block_1_6' title="bbox 276 1989 1327 2083">
    <p class='ocr_par' dir='ltr' id='par_1_6' title="bbox 276 1989 1327 2083">
     <span class='ocr_line' id='line_1_21' title="bbox 276 1989 1327 2083; baseline -0.008 -22"><span class='ocrx_word' id='word_1_149' title='bbox 276 1991 378 2062; x_wconf 75' lang='lat' dir='ltr'>teudo</span> <span class='ocrx_word' id='word_1_150' title='bbox 397 2013 591 2083; x_wconf 73' lang='lat' dir='ltr'>progressae</span> <span class='ocrx_word' id='word_1_151' title='bbox 613 2015 700 2082; x_wconf 82' lang='lat' dir='ltr'>aum,</span> <span class='ocrx_word' id='word_1_152' title='bbox 728 1994 782 2063; x_wconf 91' lang='lat' dir='ltr'>aei</span> <span class='ocrx_word' id='word_1_153' title='bbox 805 1993 982 2063; x_wconf 87' lang='lat' dir='ltr'>Alexandri</span> <span class='ocrx_word' id='word_1_154' title='bbox 1003 1991 1098 2063; x_wconf 86' lang='lat' dir='ltr'>iatiue</span> <span class='ocrx_word' id='word_1_155' title='bbox 1121 1989 1287 2061; x_wconf 77' lang='lat' dir='ltr'>mentione</span> <span class='ocrx_word' id='word_1_156' title='bbox 1300 2009 1327 2053; x_wconf 85' lang='lat' dir='ltr'>ao</span> 
     </span>
    </p>
   </div>
   <div class='ocr_carea' id='block_1_7' title="bbox 276 2070 1287 2240">
    <p class='ocr_par' dir='ltr' id='par_1_7' title="bbox 276 2070 1287 2240">
     <span class='ocr_line' id='line_1_22' title="bbox 276 2070 1287 2240; baseline -0.002 -90"><span class='ocrx_word' id='word_1_157' title='bbox 276 2070 503 2170; x_wconf 75' lang='lat' dir='ltr'>commouitud,</span> <span class='ocrx_word' id='word_1_158' title='bbox 524 2082 565 2151; x_wconf 92' lang='lat' dir='ltr'>de</span> <span class='ocrx_word' id='word_1_159' title='bbox 581 2082 737 2240; x_wconf 47' lang='lat' dir='ltr'>Philiglpo</span> <span class='ocrx_word' id='word_1_160' title='bbox 755 2083 967 2152; x_wconf 87' lang='lat' dir='ltr'>Maoedouam</span> <span class='ocrx_word' id='word_1_161' title='bbox 989 2105 1077 2172; x_wconf 77' lang='lat' dir='ltr'>rege,</span> <span class='ocrx_word' id='word_1_162' title='bbox 1098 2081 1155 2172; x_wconf 92' lang='lat' dir='ltr'>qui</span> <span class='ocrx_word' id='word_1_163' title='bbox 1175 2079 1287 2168; x_wconf 76' lang='lat' dir='ltr'>Olym·</span> 
     </span>
    </p>
   </div>
   <div class='ocr_carea' id='block_1_8' title="bbox 215 2163 1381 3583">
    <p class='ocr_par' dir='ltr' id='par_1_8' title="bbox 215 2163 1381 3583">
     <span class='ocr_line' id='line_1_23' title="bbox 275 2163 1288 2328; baseline -0.002 -88"><span class='ocrx_word' id='word_1_164' title='bbox 275 2163 405 2328; x_wconf 53' lang='lat' dir='ltr'>ffidem</span> <span class='ocrx_word' id='word_1_165' title='bbox 426 2171 524 2240; x_wconf 87' lang='lat' dir='ltr'>haiae</span> <span class='ocrx_word' id='word_1_166' title='bbox 541 2172 667 2240; x_wconf 79' lang='lat' dir='ltr'>Alexan</span> <span class='ocrx_word' id='word_1_167' title='bbox 709 2171 762 2240; x_wconf 77' lang='lat' dir='ltr'>ull</span> <span class='ocrx_word' id='word_1_168' title='bbox 784 2173 889 2240; x_wconf 85' lang='lat' dir='ltr'>iratae</span> <span class='ocrx_word' id='word_1_169' title='bbox 911 2193 1057 2241; x_wconf 77' lang='lat' dir='ltr'>nemnem</span> <span class='ocrx_word' id='word_1_170' title='bbox 1078 2192 1212 2240; x_wconf 90' lang='lat' dir='ltr'>uxorem</span> <span class='ocrx_word' id='word_1_171' title='bbox 1230 2168 1288 2238; x_wconf 86' lang='lat' dir='ltr'>ha·</span> 
     </span>
     <span class='ocr_line' id='line_1_24' title="bbox 324 2259 1287 2368; baseline -0.002 -40"><span class='ocrx_word' id='word_1_172' title='bbox 324 2259 360 2346; x_wconf 69' lang='lat' dir='ltr'>‘t</span> <span class='ocrx_word' id='word_1_173' title='bbox 380 2281 420 2328; x_wconf 89' lang='lat' dir='ltr'>ex</span> <span class='ocrx_word' id='word_1_174' title='bbox 442 2283 508 2350; x_wconf 90' lang='lat' dir='ltr'>qua</span> <span class='ocrx_word' id='word_1_175' title='bbox 524 2259 746 2329; x_wconf 80' lang='lat' dir='ltr'>Alexandrum</span> <span class='ocrx_word' id='word_1_176' title='bbox 796 2281 918 2348; x_wconf 76' lang='lat' dir='ltr'>agnum</span> <span class='ocrx_word' id='word_1_177' title='bbox 936 2261 1060 2368; x_wconf 67' lang='lat' dir='ltr'>genuit,</span> <span class='ocrx_word' id='word_1_178' title='bbox 1081 2259 1287 2348; x_wconf 84' lang='lat' dir='ltr'>paaaieeimia</span> 
     </span>
     <span class='ocr_line' id='line_1_25' title="bbox 274 2349 1286 2456; baseline 0 -39"><span class='ocrx_word' id='word_1_179' title='bbox 274 2349 371 2456; x_wconf 78' lang='lat' dir='ltr'>annia</span> <span class='ocrx_word' id='word_1_180' title='bbox 392 2354 481 2420; x_wconf 84' lang='lat' dir='ltr'>retro</span> <span class='ocrx_word' id='word_1_181' title='bbox 503 2349 653 2439; x_wconf 82' lang='lat' dir='ltr'>repetitio</span> <span class='ocrx_word' id='word_1_182' title='bbox 674 2371 796 2440; x_wconf 75' lang='lat' dir='ltr'>magna</span> <span class='ocrx_word' id='word_1_183' title='bbox 813 2351 924 2439; x_wconf 87' lang='lat' dir='ltr'>paruie</span> <span class='ocrx_word' id='word_1_184' title='bbox 942 2373 978 2419; x_wconf 84' lang='lat' dir='ltr'>ru</span> <span class='ocrx_word' id='word_1_185' title='bbox 995 2356 1153 2440; x_wconf 85' lang='lat' dir='ltr'>quantum</span> <span class='ocrx_word' id='word_1_186' title='bbox 1171 2353 1286 2438; x_wconf 86' lang='lat' dir='ltr'>potero</span> 
     </span>
     <span class='ocr_line' id='line_1_26' title="bbox 1299 2455 1327 2500; baseline 0 0"><span class='ocrx_word' id='word_1_187' title='bbox 1299 2455 1327 2500; x_wconf 82' lang='lat' dir='ltr'>xo</span> 
     </span>
     <span class='ocr_line' id='line_1_27' title="bbox 215 2459 1287 2614; baseline 0.001 -22"><span class='ocrx_word' id='word_1_188' title='bbox 215 2529 259 2592; x_wconf 69' lang='lat' dir='ltr'>A!</span> <span class='ocrx_word' id='word_1_189' title='bbox 272 2459 313 2507; x_wconf 61' lang='grc' dir='ltr'><em>ω</em></span> <span class='ocrx_word' id='word_1_190' title='bbox 468 2527 511 2596; x_wconf 87' lang='lat' dir='ltr'>ab</span> <span class='ocrx_word' id='word_1_191' title='bbox 541 2526 622 2597; x_wconf 86' lang='lat' dir='ltr'>urbe</span> <span class='ocrx_word' id='word_1_192' title='bbox 652 2526 784 2596; x_wconf 83' lang='lat' dir='ltr'>eoadila</span> <span class='ocrx_word' id='word_1_193' title='bbox 810 2545 898 2598; x_wconf 83' lang='lat' dir='ltr'>cccc</span> <span class='ocrx_word' id='word_1_194' title='bbox 924 2501 1019 2596; x_wconf 85' lang='lat' dir='ltr'>Phili</span> <span class='ocrx_word' id='word_1_195' title='bbox 1034 2550 1095 2614; x_wconf 84' lang='lat' dir='ltr'>pua</span> <span class='ocrx_word' id='word_1_196' title='bbox 1122 2526 1287 2612; x_wconf 79' lang='lat' dir='ltr'>Amyntae</span> 
     </span>
     <span class='ocr_line' id='line_1_28' title="bbox 273 2551 1381 2703; baseline 0 -23"><span class='ocrx_word' id='word_1_197' title='bbox 273 2612 375 2701; x_wconf 87' lang='lat' dir='ltr'>tiliae,</span> <span class='ocrx_word' id='word_1_198' title='bbox 405 2614 584 2683; x_wconf 87' lang='lat' dir='ltr'>Alexandri</span> <span class='ocrx_word' id='word_1_199' title='bbox 609 2621 718 2703; x_wconf 87' lang='lat' dir='ltr'>pater,</span> <span class='ocrx_word' id='word_1_200' title='bbox 744 2635 882 2703; x_wconf 77' lang='lat' dir='ltr'>regnum</span> <span class='ocrx_word' id='word_1_201' title='bbox 908 2551 1121 2682; x_wconf 76' lang='lat' dir='ltr'>Maeeddnam</span> <span class='ocrx_word' id='word_1_202' title='bbox 1150 2614 1286 2700; x_wconf 81' lang='lat' dir='ltr'>adeptae</span> <span class='ocrx_word' id='word_1_203' title='bbox 1380 2687 1381 2696; x_wconf 8' lang='grc' dir='ltr'>χ</span> 
     </span>
     <span class='ocr_line' id='line_1_29' title="bbox 275 2701 1381 2808; baseline -0.001 -38"><span class='ocrx_word' id='word_1_204' title='bbox 275 2718 351 2770; x_wconf 81' lang='lat' dir='ltr'>m</span> <span class='ocrx_word' id='word_1_205' title='bbox 367 2703 462 2772; x_wconf 85' lang='lat' dir='ltr'>anaia</span> <span class='ocrx_word' id='word_1_206' title='bbox 480 2703 597 2786; x_wconf 78' lang='lat' dir='ltr'>tenuit</span> <span class='ocrx_word' id='word_1_207' title='bbox 619 2703 740 2792; x_wconf 82' lang='lat' dir='ltr'>quibua</span> <span class='ocrx_word' id='word_1_208' title='bbox 756 2701 818 2772; x_wconf 86' lang='lat' dir='ltr'>hoe</span> <span class='ocrx_word' id='word_1_209' title='bbox 836 2723 949 2773; x_wconf 80' lang='lat' dir='ltr'>omnen</span> <span class='ocrx_word' id='word_1_210' title='bbox 968 2702 1287 2808; x_wconf 62' lang='lat' dir='ltr'>aoorbilatumaoer·</span> <span class='ocrx_word' id='word_1_211' title='bbox 1380 2749 1381 2756; x_wconf 19' lang='grc' dir='ltr'><strong>κ</strong></span> 
     </span>
     <span class='ocr_line' id='line_1_30' title="bbox 235 2789 1374 2968; baseline -0.006 -21"><span class='ocrx_word' id='word_1_212' title='bbox 235 2789 1322 2968; x_wconf 52' lang='lat' dir='ltr'>&#39;ttnffi”uffl⁰tt.”llt.ztttt¹tt‘ttffi</span> <span class='ocrx_word' id='word_1_213' title='bbox 1336 2894 1374 2940; x_wconf 60' lang='grc' dir='ltr'>ι.</span> 
     </span>
     <span class='ocr_line' id='line_1_31' title="bbox 273 2966 1325 3058; baseline -0.002 -22"><span class='ocrx_word' id='word_1_214' title='bbox 273 2966 365 3036; x_wconf 86' lang='lat' dir='ltr'>uiam</span> <span class='ocrx_word' id='word_1_215' title='bbox 386 2968 472 3056; x_wconf 86' lang='lat' dir='ltr'>apud</span> <span class='ocrx_word' id='word_1_216' title='bbox 490 2967 753 3058; x_wconf 74' lang='lat' dir='ltr'>Epaminondam</span> <span class='ocrx_word' id='word_1_217' title='bbox 774 2969 1034 3038; x_wconf 82' lang='lat' dir='ltr'>etreauiaeimum</span> <span class='ocrx_word' id='word_1_218' title='bbox 1054 2967 1285 3055; x_wconf 84' lang='lat' dir='ltr'>imperatorem</span> <span class='ocrx_word' id='word_1_219' title='bbox 1298 2983 1325 3027; x_wconf 63' lang='grc' dir='ltr'>τι</span> 
     </span>
     <span class='ocr_line' id='line_1_32' title="bbox 233 3056 1285 3144; baseline 0.005 -23"><span class='ocrx_word' id='word_1_220' title='bbox 233 3059 310 3123; x_wconf 72' lang='lat' dir='ltr'>aet</span> <span class='ocrx_word' id='word_1_221' title='bbox 338 3077 501 3125; x_wconf 71' lang='lat' dir='ltr'>nummum</span> <span class='ocrx_word' id='word_1_222' title='bbox 552 3056 762 3144; x_wconf 85' lang='lat' dir='ltr'>hiloaophum</span> <span class='ocrx_word' id='word_1_223' title='bbox 793 3058 938 3126; x_wconf 87' lang='lat' dir='ltr'>eruditae</span> <span class='ocrx_word' id='word_1_224' title='bbox 969 3061 1029 3125; x_wconf 85' lang='lat' dir='ltr'>eat</span> <span class='ocrx_word' id='word_1_225' title='bbox 1072 3057 1146 3144; x_wconf 87' lang='lat' dir='ltr'>ipao</span> <span class='ocrx_word' id='word_1_226' title='bbox 1175 3059 1285 3126; x_wconf 82' lang='lat' dir='ltr'>autem</span> 
     </span>
     <span class='ocr_line' id='line_1_33' title="bbox 272 3079 1285 3231; baseline -0.003 -19"><span class='ocrx_word' id='word_1_227' title='bbox 272 3141 458 3212; x_wconf 84' lang='lat' dir='ltr'>Alexandro</span> <span class='ocrx_word' id='word_1_228' title='bbox 484 3079 606 3213; x_wconf 72' lang='lat' dir='ltr'>aeeiere</span> <span class='ocrx_word' id='word_1_229' title='bbox 631 3143 813 3230; x_wconf 74' lang='lat' dir='ltr'>Eurydicen</span> <span class='ocrx_word' id='word_1_230' title='bbox 839 3145 955 3212; x_wconf 79' lang='lat' dir='ltr'>matria</span> <span class='ocrx_word' id='word_1_231' title='bbox 982 3145 1102 3230; x_wconf 71' lang='lat' dir='ltr'>oomao,</span> <span class='ocrx_word' id='word_1_232' title='bbox 1134 3141 1285 3231; x_wconf 79' lang='lat' dir='ltr'>quamodo</span> 
     </span>
     <span class='ocr_line' id='line_1_34' title="bbox 273 3227 1379 3318; baseline -0.001 -22"><span class='ocrx_word' id='word_1_233' title='bbox 273 3249 315 3296; x_wconf 87' lang='lat' dir='ltr'>ea</span> <span class='ocrx_word' id='word_1_234' title='bbox 335 3229 402 3298; x_wconf 88' lang='lat' dir='ltr'>iam</span> <span class='ocrx_word' id='word_1_235' title='bbox 423 3231 597 3300; x_wconf 67' lang='lat' dir='ltr'>anniano</span> <span class='ocrx_word' id='word_1_236' title='bbox 619 3231 780 3298; x_wconf 79' lang='lat' dir='ltr'>adulterio</span> <span class='ocrx_word' id='word_1_237' title='bbox 802 3235 836 3300; x_wconf 90' lang='lat' dir='ltr'>et</span> <span class='ocrx_word' id='word_1_238' title='bbox 857 3233 963 3300; x_wconf 85' lang='lat' dir='ltr'>altero</span> <span class='ocrx_word' id='word_1_239' title='bbox 985 3231 1125 3318; x_wconf 67' lang='lat' dir='ltr'>pomam</span> <span class='ocrx_word' id='word_1_240' title='bbox 1147 3229 1215 3296; x_wconf 90' lang='lat' dir='ltr'>tilio</span> <span class='ocrx_word' id='word_1_241' title='bbox 1237 3227 1286 3296; x_wconf 93' lang='lat' dir='ltr'>in·</span> <span class='ocrx_word' id='word_1_242' title='bbox 1378 3257 1379 3316; x_wconf 65' lang='lat'>3</span> 
     </span>
     <span class='ocr_line' id='line_1_35' title="bbox 272 3315 1327 3408; baseline -0.003 -22"><span class='ocrx_word' id='word_1_243' title='bbox 272 3315 411 3408; x_wconf 67' lang='lat' dir='ltr'>talento</span> <span class='ocrx_word' id='word_1_244' title='bbox 436 3317 569 3407; x_wconf 76' lang='lat' dir='ltr'>filiaque</span> <span class='ocrx_word' id='word_1_245' title='bbox 595 3317 731 3386; x_wconf 84' lang='lat' dir='ltr'>uiduata</span> <span class='ocrx_word' id='word_1_246' title='bbox 756 3319 868 3406; x_wconf 77' lang='lat' dir='ltr'>paneri</span> <span class='ocrx_word' id='word_1_247' title='bbox 894 3318 1026 3405; x_wconf 80' lang='lat' dir='ltr'>nuptiae</span> <span class='ocrx_word' id='word_1_248' title='bbox 1048 3315 1159 3385; x_wconf 89' lang='lat' dir='ltr'>mariti</span> <span class='ocrx_word' id='word_1_249' title='bbox 1181 3319 1286 3384; x_wconf 86' lang='lat' dir='ltr'>morte</span> <span class='ocrx_word' id='word_1_250' title='bbox 1299 3328 1327 3374; x_wconf 75' lang='lat'>¹⁵</span> 
     </span>
     <span class='ocr_line' id='line_1_36' title="bbox 271 3403 1286 3514; baseline -0.007 -38"><span class='ocrx_word' id='word_1_251' title='bbox 271 3404 467 3514; x_wconf 61' lang='lat' dir='ltr'>pqaiqiaaet,</span> <span class='ocrx_word' id='word_1_252' title='bbox 495 3429 558 3476; x_wconf 88' lang='lat' dir='ltr'>oon</span> <span class='ocrx_word' id='word_1_253' title='bbox 580 3405 670 3476; x_wconf 76' lang='lat' dir='ltr'>ulau·</span> <span class='ocrx_word' id='word_1_254' title='bbox 697 3428 718 3475; x_wconf 95' lang='lat' dir='ltr'>a</span> <span class='ocrx_word' id='word_1_255' title='bbox 744 3407 867 3495; x_wconf 88' lang='lat' dir='ltr'>populo</span> <span class='ocrx_word' id='word_1_256' title='bbox 893 3427 1045 3495; x_wconf 60' lang='lat' dir='ltr'>regnum</span> <span class='ocrx_word' id='word_1_257' title='bbox 1073 3403 1159 3494; x_wconf 89' lang='lat' dir='ltr'>quod</span> <span class='ocrx_word' id='word_1_258' title='bbox 1182 3421 1286 3492; x_wconf 86' lang='lat' dir='ltr'>paruo</span> 
     </span>
     <span class='ocr_line' id='line_1_37' title="bbox 229 3487 1286 3583; baseline -0.009 -19"><span class='ocrx_word' id='word_1_259' title='bbox 229 3494 374 3564; x_wconf 69' lang='lat' dir='ltr'>eundae</span> <span class='ocrx_word' id='word_1_260' title='bbox 399 3493 512 3564; x_wconf 68' lang='lat' dir='ltr'>ixamie</span> <span class='ocrx_word' id='word_1_261' title='bbox 576 3495 607 3563; x_wconf 88' lang='lat' dir='ltr'>‘o</span> <span class='ocrx_word' id='word_1_262' title='bbox 633 3495 800 3583; x_wconf 87' lang='lat' dir='ltr'>tuebatur,</span> <span class='ocrx_word' id='word_1_263' title='bbox 826 3495 980 3582; x_wconf 85' lang='lat' dir='ltr'>auaeepit.</span> <span class='ocrx_word' id='word_1_264' title='bbox 1024 3493 1080 3582; x_wconf 89' lang='lat' dir='ltr'>qui</span> <span class='ocrx_word' id='word_1_265' title='bbox 1108 3512 1183 3560; x_wconf 89' lang='lat' dir='ltr'>oum</span> <span class='ocrx_word' id='word_1_266' title='bbox 1204 3487 1286 3556; x_wconf 79' lang='lat' dir='ltr'>toria</span> 
     </span>
    </p>
   </div>
   <div class='ocr_carea' id='block_1_9' title="bbox 0 0 1404 3784">
    <p class='ocr_par' dir='ltr' id='par_1_9' title="bbox 0 0 1404 3784">
     <span class='ocr_line' id='line_1_38' title="bbox 0 0 1404 3784; baseline 0 0"><span class='ocrx_word' id='word_1_267' title='bbox 0 0 1404 3784; x_wconf 95' lang='lat' dir='ltr'> </span> 
     </span>
    </p>
   </div>
  </div>
 </body>
</html>
