2820 3778
378 99 574 154 soranam
590 98 756 154 morsos
773 99 830 153 mr
848 102 873 156 a
892 100 917 154 ι.
1093 95 1158 164 115

141 238 366 327 Hispanorum
393 239 446 306 uel
473 239 643 308 Gallorum
670 240 805 327 auxilia,
832 261 915 328 quas
941 241 1008 306 iam
1034 238 1156 308 dndnm

141 329 283 417 plurima
309 329 489 410 habebant,
516 327 572 396 sed
600 329 699 396 otiam
726 327 922 397 Graecorum
949 327 1158 416 conparanda

143 417 313 486 duxerunt
342 418 452 504 itaque
465 417 691 504 Xanthippum
705 416 1033 486 Lacedaemoniorum
1046 440 1082 484 re
1124 439 1157 484 m
1174 427 1194 480 t

142 529 216 575 oum
239 506 371 574 auxiliis
389 507 538 592 auaitum,
559 506 674 575 duosm
691 505 780 575 bello
798 505 1032 594 praels'eernnt
1100 529 1158 574 an·

114 597 292 682 athippus,
318 596 474 684 inspeetis
496 595 680 664 Poenorum
702 595 806 683 copiis
828 601 926 684 atque
949 595 983 664 in
1006 617 1158 681 oampnm

143 683 304 773 dednotis,
334 685 432 773 longe
463 685 499 752 in
529 685 645 753 melius
672 688 799 753 mutato
827 688 987 774 apparatu
1013 705 1158 774 pugnum

142 797 217 842 eum
234 773 393 844 Romania
416 775 587 843 oonsernit
618 774 734 862 ingena
754 775 802 842 ibi
824 775 921 842 ruina
937 773 1193 843 Romanorumn

141 863 261 932 uirium
287 863 365 931 luite
389 885 465 932 nam
494 863 632 951 triginta
658 863 750 930 milia
771 863 914 930 militum
935 862 1158 932 Romanorum
1198 931 1202 940 ,
1325 854 1330 963 ξ

141 953 177 1020 in
199 952 258 1020 ills
279 957 358 1020 tono
380 953 609 1040 oongrsssiorre
632 957 798 1037 prostrata
818 957 904 1020 sunt
940 953 1085 1040 Regulus
1102 951 1159 1020 ills

102 1041 208 1109 sedux
229 1041 352 1111 nobilis
375 1061 449 1109 anm
472 1041 660 1130 quingentis
683 1041 764 1109 uiris
787 1045 903 1128 eaptus
925 1046 976 1110 ast
998 1041 1088 1108 etin
1105 1062 1158 1110 aa·

141 1135 237 1200 tenue
265 1130 429 1199 oonieotur
452 1129 577 1198 deoimo
599 1130 729 1198 demum
751 1151 838 1198 anno
861 1128 976 1199 Punioi
998 1129 1077 1198 belli
1099 1151 1158 1198 no-
1328 1148 1332 1176 ¹

140 1219 242 1288 bilem
273 1220 477 1308 triumphum
506 1217 833 1308 Carthaginiensibus
865 1219 1023 1307 praebuit
1070 1218 1194 1287 Xan-4
1328 1209 1332 1289 '3

51 1335 75 1377 a
88 1326 129 1370 sos
141 1307 277 1396 thippus
299 1313 370 1375 tam
392 1307 525 1376 audaois
548 1308 627 1376 isati
650 1309 799 1377 oonsdus
818 1307 936 1375 rslrnm
954 1307 1158 1375 instabilium
1330 1318 1334 1346 ²

141 1397 356 1465 mutationem
369 1397 488 1464 timens
502 1397 578 1465 ilioo
592 1397 754 1464 srAir'iaa
766 1396 967 1486 migrauitin
977 1395 1157 1464 Graeciam.
1330 1422 1335 1474 f

101 1503 129 1547 rs
207 1483 316 1572 Igitur
337 1484 498 1552 Aemilius
519 1484 641 1553 Paulus
664 1489 699 1553 et
714 1485 851 1552 Fuluius
869 1483 1021 1552 Nobilior
1042 1497 1194 1553 consu-s
1330 1481 1335 1585 i

140 1574 188 1640 les
212 1573 326 1640 audita
342 1573 532 1659 aaptr'nitate
548 1573 666 1660 Regnli
683 1578 718 1639 et
734 1573 825 1641 clade
843 1573 1004 1640 exereitus
1016 1571 1158 1640 Romani
1332 1588 1335 1612 ¹

140 1661 282 1730 haurire
308 1661 344 1728 in
370 1661 517 1730 Africam
548 1683 621 1730 oum
650 1661 753 1730 elassa
778 1664 998 1730 humatarum
1023 1659 1159 1729 nauium

92 1789 95 1798 ν
141 1751 223 1818 iussi
252 1747 399 1838 Clipeam
429 1755 555 1839 petunt.
600 1772 639 1819 eo
668 1749 840 1818 ooniestim
869 1748 1158 1838 Carthaginienses
1251 1767 1253 1771 ’
1331 1725 1336 1854 ξ
1393 1789 1394 1818 ι

141 1860 215 1908 oum
241 1840 315 1927 pari
341 1840 446 1908 elaeae
473 1844 647 1928 uenerunt3
673 1861 734 1908 noe
760 1839 882 1907 differri
953 1840 1019 1907 tuit
1038 1839 1159 1907 nauale

101 1947 130 1989 υ
142 1933 316 1996 certamen.
347 1931 475 1996 uantum
495 1933 528 1996 et
546 1931 703 2016 quattuor
720 1951 821 1996 naues
835 1926 915 1997 Cart
939 1928 1193 2016 aginisnsiums
1332 1879 1341 1982 i
1361 1921 1365 1930 '

142 2017 318 2122 demersae,
339 2017 477 2122 triginta
494 2039 567 2086 oum
583 2017 825 2122 pugnatoribus
844 2023 968 2106 captae,
989 2021 1159 2104 praeterea

139 2108 277 2195 triginta
300 2109 334 2174 at
355 2127 497 2195 qumque
520 2106 614 2174 mihs
632 2107 776 2175 mslrtum
793 2129 833 2174 er
850 2107 933 2195 ipsis
951 2127 1048 2174 aassa
1065 2110 1159 2196 sunt3

139 2194 362 2264 Romanorum
381 2199 489 2265 autem
506 2216 625 2264 nonem
643 2195 784 2264 nauibus
802 2195 964 2284 depressis
984 2196 1071 2264 mille
1085 2217 1158 2264 osn-

140 2291 211 2352 tum
242 2285 367 2374 pariere
400 2284 532 2354 milites.
576 2287 724 2354 eonsules
756 2284 843 2373 apud
870 2282 1017 2372 Clipeam
1050 2289 1193 2355 naahas
1334 2292 1338 2379 ζ

100 2380 328 2464 operuerunt„
373 2373 437 2444 duo
463 2373 645 2444 Hannonss
673 2375 885 2463 imperatores
906 2374 1090 2444 Poenorum
1117 2397 1157 2445 so

139 2487 253 2536 rursus
284 2487 357 2534 enm
389 2465 686 2571 megnooreroitn
717 2471 940 2534 conuenerunt
965 2465 1156 2556 proelioque

139 2555 315 2624 oommisso
340 2576 459 2624 nouem
485 2555 577 2623 nulia
603 2555 745 2623 militum
767 2555 985 2644 perdiderunt
1030 2555 1087 2624 ssd
1109 2565 1192 2620 -s
1335 2592 1340 2610 ·
1367 2576 1370 2587 ·

138 2651 177 2712 ut
204 2650 283 2712 tuno
312 2644 398 2732 apud
429 2643 594 2712 Romanos
623 2665 802 2732 numquam
830 2644 984 2712 diuturna
1012 2643 1155 2713 ieliaitas

139 2738 211 2802 erat
236 2732 272 2802 'at
293 2733 545 2822 qualescumque
567 2755 735 2803 snooessus
751 2733 887 2824 ¹mugnis
910 2733 1064 2802 oontinuo
1087 2755 1155 2802 ma·

98 2824 245 2890 olorum
280 2823 421 2890 molibus
453 2822 676 2891 obruebantur
699 2857 738 2873 —
763 2845 837 2892 oum
864 2822 1014 2891 Romana
1042 2823 1156 2890 elassis

139 2912 181 2979 ad
201 2910 333 2979 Italiam
354 2909 484 2997 praedis
507 2915 625 2978 onusta
642 2916 810 2998 remearet,
832 2910 965 2978 infando
983 2911 1154 2998 nanirsgio

139 3019 253 3066 euersa
274 3003 339 3067 ast:
359 3019 438 3067 nam
450 2996 500 3065 'do
522 2999 677 3067 mentis
698 2998 838 3067 nauibus
861 2998 1019 3067 duasntne
1036 2998 1155 3087 uiginh'

137 3087 317 3175 perierunt,
353 3087 522 3175 octoginta
552 3087 609 3155 nir
639 3088 776 3156 abisetia
808 3087 963 3156 oneribus
998 3087 1155 3155 liberatas

139 3180 224 3244 sunt
268 3173 436 3244 Hamilcar
462 3174 529 3242 dux
550 3173 733 3244 Poenorum
760 3197 834 3244 oum
862 3175 1005 3244 srmoitu
1025 3174 1063 3244 in
1084 3173 1190 3244 liu-0
1339 3148 1345 3241 i
1373 3212 1376 3246 ι

97 3281 125 3324 u
138 3264 273 3332 midiam
301 3262 603 3352 Manretsniamque
634 3265 754 3332 misena
783 3268 959 3352 postquam
989 3263 1155 3332 hostiliter

138 3357 333 3441 cruenteque
363 3351 400 3418 in
431 3352 601 3421 uniuersos
632 3351 715 3442 egit,
745 3373 803 3421 our
826 3351 988 3441 Regulum
1014 3350 1155 3420 libenter

139 3441 319 3528 sumspisse
342 3438 533 3529 dicerentur,
555 3441 648 3510 mille
671 3441 800 3530 argenti
821 3440 1012 3604 mizi*
1032 3439 1153 3528 uiginti
