2826 3784
394 99 591 154 ADVERSW
607 98 773 153 PAGANOS
791 99 816 151 V
835 101 877 154 ld.
898 101 940 154 ld.
1122 95 1184 162 lssl
1273 119 1275 124 “

175 267 237 311 nus
260 241 417 330 heresque
434 243 521 310 inter
537 243 701 310 naturales
719 242 787 309 eius
806 241 891 309 tilios
908 239 1025 326 iectus,
1046 239 1188 326 primum

176 330 348 399 coheredes
376 352 467 416 suos,
493 330 528 398 id
549 335 600 398 est
621 329 844 416 Hiempselem
867 329 999 415 occidit,
1020 327 1189 396 Adherbe-

175 421 241 488 lem
267 418 354 486 bello
383 419 503 486 uictum
525 417 639 486 Africo
660 419 794 504 expulit
838 415 1048 505 Calpurnium
1075 416 1225 483 deindes

177 508 344 577 consulem
361 505 533 576 eduersum
552 529 587 576 ss
605 507 741 576 missum
762 506 901 596 pecunie
922 505 1069 595 corrupit
1091 509 1190 594 etque

151 597 221 669 sed
250 598 456 688 turpissimus
486 597 691 670 condiciones
714 597 805 688 pecie
834 596 978 667 edduxit
1022 601 1225 687 prseterese

179 713 253 760 cum
276 689 416 760 Romam
437 690 509 778 ipsc
532 689 688 776 uenisset,
710 689 861 758 omnibus
883 688 1021 778 pecunie
1043 694 1101 758 eut
1121 711 1192 758 cor·

179 779 285 865 ruptis
308 783 367 846 sut
389 780 598 864 edtemptstis
620 779 796 847 seditiones
819 778 1103 865 dissensionesque
1121 799 1193 863 per·

180 867 324 952 miscuit3
353 888 452 954 quem
481 888 555 934 oum
584 866 789 954 egrederetur
816 867 931 933 iniemi
958 865 1038 933 estis
1065 865 1194 933 nctenit

180 953 288 1042 elogio
310 953 435 1023 dicasse
462 976 483 1022 o
505 954 637 1022 urbem
659 955 836 1022 ucnelem
858 958 897 1022 et
918 957 1066 1022 meture
1089 954 1193 1041 peri·

141 1061 168 1106 ιι
181 1047 321 1129 turem,
344 1043 376 1111 si
399 1047 611 1131 emptorem
633 1045 842 1111 inuenerit!

247 1131 434 1219 Insequenti
458 1154 546 1200 enno
568 1131 609 1200 Α.
631 1132 847 1218 Postumium,
868 1131 1029 1200 Postumii
1052 1131 1229 1200 oonsulis⁶
1309 1137 1314 1148 '

180 1217 326 1306 fratrem,
348 1240 444 1307 quem
462 1219 492 1287 is
509 1219 595 1306 quod
658 1221 665 1236 '
690 1224 726 1286 te
742 1220 868 1288 milium
885 1225 1085 1288 ermetcrum
1107 1239 1196 1288 exer·

182 1307 262 1375 citui
279 1308 497 1395 prcefecerct,
523 1307 610 1394 opud
659 1307 801 1376 elsmsm
824 1308 938 1376 urbem
961 1307 1123 1377 theseuris
1147 1329 1196 1376 re-

92 1424 115 1465 ι
128 1413 169 1458 ιιι
185 1393 256 1482 ¹giis
285 1396 424 1464 conditis
453 1395 634 1464 inhiantem
665 1397 752 1464 bello
782 1397 945 1484 oppressit
972 1398 1077 1484 odque
1105 1397 1194 1464 uicto

142 1484 531 1571 seigncminiosissimum
563 1485 678 1553 foedus
712 1486 828 1572 eregit
873 1485 1060 1552 uniuersum
1091 1507 1195 1572 psene

181 1571 328 1641 Africum
363 1594 384 1640 s
414 1571 572 1641 Romanis
608 1572 809 1641 deficientem
845 1594 947 1663 regno
984 1595 1044 1642 suo
1080 1573 1195 1641 iunxit

181 1665 298 1749 pestes
314 1665 425 1729 temen
442 1659 567 1729 Metelli
588 1661 733 1731 consulis
756 1663 945 1752 integritate
969 1665 1002 1731 et
1024 1662 1197 1751 discipline
1214 1668 1230 1720 ἱ

182 1750 350 1836 coercitus,
373 1751 499 1817 duobus
517 1751 618 1818 etiem
635 1751 769 1837 proeliis
790 1753 898 1820 uictus
921 1750 1005 1818 uidit
1025 1755 1197 1836 praesente

186 1861 221 1906 se
248 1843 282 1906 et
308 1838 431 1906 uestmi
453 1837 644 1906 Numidiem
671 1861 764 1907 suem
791 1843 826 1908 et
846 1861 913 1907 nen
934 1861 1033 1926 posse
1054 1838 1198 1908 deiendir

144 1944 173 1988 ιι
183 1949 294 2084 pmquo
312 1927 360 2083 pud
383 1926 581 2104 dedtiltionffi
606 1932 739 1997 cosctus
762 1932 924 2086 trtplcentos
947 1928 1075 2086 ‹pbstildpp
1098 1928 1198 2016 dedit,

52 2073 57 2083 .
238 2038 312 2084 men
350 2038 429 2084 me
467 2039 508 2084 ue
579 2039 616 2085 os
639 2039 786 2086 commeo
822 2039 839 2086 s
903 2039 992 2086 reon
1069 2041 1102 2086 m
1126 2039 1197 2087 sese

184 2104 376 2192 spopondit,
411 2105 479 2171 tris
512 2106 604 2173 milio
635 2107 777 2193 emplius
808 2039 1019 2195 periigsrum
1049 2106 1198 2175 reddidit

185 2194 270 2260 exim
299 2214 373 2261 cum
401 2192 545 2262 incertus
574 2195 610 2261 in
638 2217 716 2281 peoe
744 2195 911 2282 improbos
941 2218 1007 2266 non
1033 2195 1233 2264 cohiberett

186 2303 350 2370 excursus,
373 2279 408 2350 0.
430 2281 529 2350 Marii
550 2283 693 2351 consulis
715 2304 784 2352 non
806 2285 932 2352 minore
953 2305 1070 2372 poene,
1099 2305 1198 2373 quem

143 2386 171 2430 Ι
184 2370 255 2457 ipse
273 2369 439 2456 praeditus
457 2375 538 2456 eret,
556 2372 679 2440 estutie
692 2371 913 2461 Romanisque
931 2374 1056 2442 uiribus
1073 2371 1198 2441 fructus

184 2463 244 2544 est,
262 2460 401 2526 menime
418 2463 593 2546 postquem
609 2457 732 2527 Meriue
750 2462 864 2529 urbem
882 2459 1033 2548 Oepssm,
1054 2461 1097 2530 eb
1115 2460 1198 2529 Her·

183 2548 254 2615 culo
268 2546 430 2615 Phoenice
447 2551 486 2614 ut
503 2547 613 2615 ferunt
630 2548 804 2635 eonditum,
821 2549 921 2638 regiis
939 2553 1017 2618 tunc
1034 2549 1197 2618 tbmsuris

182 2634 455 2704 confertissimum
486 2636 563 2705 dolo
594 2637 809 2706 circumuenit
839 2643 874 2705 et
903 2638 998 2725 cepit
1048 2637 1234 2707 diffidense

182 2725 298 2792 deinde
325 2725 467 2812 propriis
495 2726 592 2794 rebus
619 2731 654 2794 et
679 2726 804 2794 uiribus
826 2725 987 2815 Iugurths
1008 2727 1199 2796 scoietstem

75 2869 80 2878 .
142 2828 257 2882 ”cum
281 2813 409 2882 Boccho
436 2812 624 2882 Maurorum
650 2834 729 2901 rege
755 2813 847 2900 iecit,
873 2815 964 2884 ouius
991 2815 1138 2903 equitatu
1163 2817 1200 2885 in

182 2902 375 2971 immensum
393 2907 507 2971 suctus
524 2901 708 2971 Merienum
730 2903 905 2973 exercitum
927 2904 1131 2972 creberrimis
1148 2904 1197 2976 in·

182 2991 386 3060 cursionibus
413 2991 575 3080 fetigeuit
620 2996 785 3079 postremo
808 2992 895 3080 spud
916 2977 1057 3080 Cirtst
1080 2996 1196 3062 urbem
1216 3003 1252 3058 sc

183 3079 367 3184 sntiquem,
388 3079 582 3184 Masinissse
603 3081 738 3167 regium,
759 3079 943 3186 eduersum·
955 3080 1125 3186 iiomsnos·
1142 3102 1196 3150 ex·

44 3201 45 3204 ¹
143 3273 171 3317 ὓ
183 3173 751 3326 ζιειῖιῗξιῗιῖοῗοιῖιιιιίιρᾞιιιιωιιὲι
772 3281 794 3326 ιι
809 3169 1198 3328 lstiidiinilddumiiiiihidi
1218 3279 1250 3332 ιι

96 3371 119 3414 s
131 3361 172 3408 ιιι
184 3345 379 3416 multuosior
400 3367 511 3436 pugne
532 3349 567 3416 et
588 3351 667 3416 tem
691 3345 765 3416 ilios
791 3343 870 3435 ituit,
891 3347 971 3418 odeo
993 3351 1032 3418 ut
1053 3347 1200 3418 discursu

45 3521 46 3524 Ἴ
184 3441 219 3505 et
244 3437 376 3505 fremitu
403 3437 724 3508 circumcurssntium
751 3441 785 3507 et
806 3437 1032 3526 impetentium
1056 3439 1200 3527 equitum
1315 3501 1319 3516 ‚

236 3549 340 3596 oeosm
354 3561 394 3595 sn.
408 3551 604 3597 ωιιιιιιτιι.
1005 3548 1038 3601 11
