2800 3790
352 154 548 208 munuavu
565 152 731 208 PAGANOS
748 154 791 207 111
808 154 924 209 ro-rr.
1099 151 1142 219 89

133 298 173 365 de
190 297 377 365 Alexandro
400 296 582 383 uidebatur,
603 297 750 383 talesque
771 302 806 365 et
822 296 964 364 Romani
986 296 1060 364 eliis
1081 297 1143 365 uini

44 413 68 454 n
81 401 121 445 Μ
136 385 233 473 irunt,
260 385 336 453 dum
359 385 454 453 bellis
476 385 609 474 ignotos
632 385 823 472 quietosque
845 385 1040 472 petiuerunt
1086 386 1143 453 sed

133 475 182 543 illi
210 473 379 560 adquirere
406 494 521 561 regns,
548 473 606 540 ieti
633 475 778 541 euertere
806 473 947 540 student
992 477 1144 559 seperate

133 566 210 629 sunt
240 561 345 628 hortis
376 561 501 628 excidia
529 565 564 628 et
589 560 710 628 iudicis
736 561 880 628 uictoria.
925 561 1084 647 siquidem
1111 566 1146 629 et
1164 574 1200 625 ra

106 650 183 718 silli
205 649 295 736 priua
318 670 374 716 eor
396 648 491 716 bellis
513 649 716 733 adflixerunt,
738 671 819 752 quoe
842 654 957 736 postea
979 649 1048 716 suis
1067 649 1145 738 legi·

135 739 195 805 bus
217 737 424 804 ordmnruntr
446 741 481 804 et
502 736 537 803 hi
559 759 645 804 nunc
667 737 832 804 hostiliter
848 739 983 805 turbent
1000 759 1083 840 quaa
1101 773 1144 788 -

133 825 169 892 in
191 845 256 912 quo
278 844 346 891 non
367 825 553 910 permiserit
570 823 659 892 Dens
677 825 767 892 -ei
790 825 934 892 edomita
953 825 1146 908 obtinerent,

133 914 201 981 ritu
223 934 281 980 euo
305 934 488 1000 conponere
509 912 709 998 molirentur,
731 912 857 981 (licendi
874 913 1015 1000 posteris
1033 913 1145 1002 magni

133 1023 242 1090 reges,
269 1002 325 1090 qui
346 1023 433 1069 nunc
456 1001 551 1070 nobie
573 1001 756 1069 nouissimi
777 1001 889 1070 hoster
912 1000 1146 1070 edindicnntor.

95 1109 121 1152 rt
134 1090 281 1180 quolibet
302 1089 383 1160 lunae
405 1096 499 1178 geria
520 1091 602 1159 telin
623 1091 755 1158 nomine
776 1095 984 1178 censeantur,
1010 1090 1073 1160 hoc
1095 1096 1145 1160 eet
1164 1101 1199 1154 18

134 1181 204 1246 sine
233 1179 383 1247 dicentur
411 1179 561 1248 miseriae
590 1179 660 1246 eine
686 1181 839 1266 uirtutes,
867 1183 1006 1267 utraque
1032 1179 1146 1267 priori·

134 1268 195 1334 bus
227 1272 406 1352 conparate
435 1267 469 1335 in
501 1268 563 1336 hoc
594 1271 743 1354 tempore
772 1269 901 1336 minore
928 1272 1019 1354 sunt,
1050 1271 1147 1354 atque
1217 1283 1220 1290 ·

133 1355 183 1422 ite
214 1360 350 1442 utroque
382 1377 440 1443 pro
473 1357 569 1423 nobie
600 1354 727 1424 iaciunt
754 1357 790 1422 in
816 1357 1047 1443 conperetione
1073 1356 1147 1424 Ale·

132 1443 248 1512 rendri
275 1448 372 1532 atque
399 1443 586 1514 Persarum:
612 1443 642 1512 si
669 1445 774 1514 uirtne
800 1467 887 1514 nunc
914 1444 1061 1515 nocenda
1087 1450 1148 1534 eet,

93 1554 120 1597 u
133 1535 240 1604 minor
276 1540 328 1603 est
360 1535 520 1624 hostium
555 1536 584 1604 ei
621 1535 767 1625 miseria,
801 1535 909 1606 minor
944 1540 996 1606 eet
1028 1535 1146 1606 Rome·

133 1647 259 1692 norum.
670 1647 671 1651 ¹

44 1737 67 1778 s
81 1729 121 1770 m
203 1708 307 1777 *Anno
326 1711 368 1776 eb
386 1710 467 1778 urbe
484 1711 615 1778 condite
634 1728 744 1779 eccon
761 1711 864 1778 Fabio
883 1711 1027 1778 Maximo
1044 1713 1146 1779 'v'De-
1164 1717 1202 1774 tt

134 1797 185 1866 cio
204 1795 296 1864 Mure
314 1799 367 1864 iffi
391 1799 580 1866 consulibua
599 1803 753 1887 quettuor
769 1799 942 1866 fortissimi
959 1799 1148 1867 florentissi-

134 1887 242 1973 mique
253 1885 367 1954 lteliee
380 1887 494 1974 populi
507 1887 542 1954 in
555 1909 656 1956 unum
670 1909 788 1974 agmen
801 1887 978 1975 foedusque
991 1889 1148 1956 coierunt.

94 1994 123 2037 eo
135 1996 277 2062 nemque
297 1973 429 2043 Etrusci
446 1973 564 2042 Vmbri
583 1973 745 2044 Samnites
768 1980 802 2043 et
818 1974 907 2044 Gelli
929 1997 994 2044 uno
1017 1977 1148 2063 agmine

136 2063 359 2152 conspirantes
382 2062 551 2134 &menos
573 2064 682 2134 delere
704 2065 816 2134 conati
839 2072 924 2135 sunt
964 2065 1183 2135 tremeleetir

135 2153 198 2222 hoc
231 2153 319 2221 bello
351 2153 573 2222 Romanorum
605 2155 705 2223 animi
738 2161 773 2222 et
801 2155 1001 2224 lebalnctete
1032 2155 1149 2224 fiducie

137 2247 201 2327 eet,
232 2265 291 2310 neo
324 2243 395 2310 enei
428 2249 505 2312 sunt
535 2248 643 2311 totum
674 2265 805 2330 sperare
836 2245 876 2312 ‹le
903 2245 1041 2314 uiribus:
1073 2246 1149 2315 dolo

138 2331 276 2398 diuisere
298 2331 421 2418 hostes,
443 2333 546 2400 tutius
568 2333 632 2400 rati
654 2332 802 2420 pluribus
825 2356 860 2401 ae
880 2333 976 2402 bellis
994 2333 1149 2422 inplicare
1318 2421 1319 2426 ἵ

96 2439 123 2482 re
137 2443 236 2509 qnnm
263 2422 427 2508 grauibus.
471 2422 581 2509 itaque
608 2443 696 2509 cum,
723 2421 916 2525 quibusdem
939 2421 1005 2490 anie
1028 2423 1069 2491 ad
1092 2436 1184 2512 pot

136 2509 296 2599 pulendoe
314 2510 452 2578 hostiles
533 2531 570 2579 oe
583 2509 618 2578 in
630 2509 802 2580 Vmbriam
814 2510 1044 2602 Etruriemqne
1057 2535 1148 2601 pree·

39 2681 40 2688 ¹
134 2599 253 2688 mieeis,
274 2599 475 2669 Vmbrorum
519 2606 766 2689 tmecorumque
789 2603 966 2671 exercitum
983 2602 1089 2672 redire
1107 2604 1148 2672 ad

39 2725 40 2774 1
134 2689 304 2759 tuitionem
324 2712 459 2759 suornm
477 2691 670 2780 coegissent,
692 2713 765 2759 cum
780 2687 980 2760 Samnitibus
998 2697 1032 2760 et
1044 2691 1148 2761 Gellia

39 2791 41 2860 ξ
135 2780 256 2848 bellum
279 2780 362 2848 inire
383 2785 609 2869 properarunt
642 2781 676 2849 in
699 2803 763 2870 quo
785 2781 872 2850 bello
891 2803 964 2850 cnm
978 2781 1147 2852 Gallorum
1166 2795 1184 2847 r

39 2873 41 2976 j
94 2887 122 2929 ω
135 2870 258 3024 qmpetu
276 2867 416 3025 ligeri
434 2876 655 3027 prqmerentur
672 2869 792 3026 quciqe
811 2872 1072 3048 confflmiffi
1088 2877 1148 2940 eet

39 3001 65 3032 ι,
160 2979 253 3025 arne
349 2979 389 3027 en
440 2981 477 3027 os
514 2981 547 3026 m
722 2979 854 3027 acumen
965 2982 1020 3028 es
1096 2983 1147 3028 em

39 3039 43 3120 ’ς
134 3045 266 3113 tandem
289 3047 378 3116 uicit
409 2980 824 3136 epiproeliiniindnginu
841 3049 934 3116 milia
950 2981 1183 3119 Semnitiumo

39 3133 43 3214 l
134 3135 204 3201 eine
226 3133 396 3203 Gellorum
423 3157 531 3224 cuae,
559 3136 780 3204 Romanorum
807 3158 885 3205 uero
908 3144 1034 3223 reptem
1056 3138 1147 3207 milia

39 3223 42 3312 j
74 3247 78 3256 ·
134 3225 173 3290 et
195 3219 288 3290 Decii
314 3223 542 3292 tantummodo
567 3230 661 3311 perte
688 3227 745 3312 qni
767 3225 894 3293 ccciaue
915 3229 967 3293 eet
988 3226 1148 3296 exstincte

39 3319 67 3396 [n
80 3327 120 3368 υτ
134 3311 325 3382 referuntnr.
370 3311 469 3380 luisse
492 3317 601 3382 anum
623 3314 746 3402 absque
770 3311 926 3383 ¹llltrnecie
949 3320 983 3383 et
1004 3313 1182 3404 Vmbriqe

39 3403 40 3480 J
92 3413 120 3458 κ
154 3422 214 3467 noe
249 3405 324 3469 estu
356 3399 496 3470 Romani
527 3401 613 3472 bello
645 3408 877 3488 uocauerunt,
912 3403 1082 3472 Gallorum
1113 3411 1148 3474 et

133 3421 326 3558 inmitium
348 3487 495 3577 peditum
518 3506 588 3560 cxn
610 3491 702 3560 milis
724 3506 879 3582 cccxxx,
901 3493 1047 3584 equitum
1070 3515 1147 3566 uero
