2744 3800
347 71 543 125 mvsasvu
559 71 725 126 eremos
745 71 797 124 vn
815 75 841 128 r.
859 55 900 128 ι’
1060 68 1124 135 247

117 214 253 284 cruciari
275 212 448 300 imperauit
468 211 638 299 ipsumque
656 233 775 280 nornen
793 213 973 299 exstirpare
991 217 1126 280 conatus

117 303 323 370 beatissimos
346 297 470 368 Christi
498 301 668 389 apostolos
696 301 828 368 Petrum
855 323 963 387 cruce,
990 301 1127 368 Paulum
1281 361 1287 389 ,
1363 359 1364 382 ,

116 390 226 482 gladio
262 389 390 460 occidit
444 411 519 458 mox
555 389 733 458 aceruatim
770 388 923 458 miseram
959 389 1127 458 ciuitatem
1146 401 1181 454 ιι
1281 405 1327 502 ιι,
1363 403 1364 480 3

117 483 250 550 obortae
277 480 419 568 undique
441 501 630 567 oppressere
653 480 768 548 clades.
813 501 890 547 nem
912 481 1127 569 subsequente

90 575 272 639 ‘autumno
301 574 397 636 tanta
425 569 499 637 urbi
521 568 710 656 pestilentia
736 569 897 654 incubuit,
926 575 964 636 ut
991 569 1129 657 triginta

116 659 208 727 milia
228 658 378 726 funerum
396 657 429 723 in
447 658 612 726 rationem¹
628 657 792 725 Libitinae
810 657 969 725 uenirent
1001 656 1128 726 Britan·

116 750 190 817 nica
216 747 333 815 deinde
360 745 467 814 clades
490 769 508 814 e
532 747 672 835 uestigio
695 747 827 832 accidit,
853 746 1008 834 quadan
1035 769 1127 833 prae·
1210 809 1213 814 .
1279 744 1297 807 ‘s'

117 840 211 924 cipue
224 835 347 925 oppida
359 855 478 923 magm
491 835 610 904 ciuium
630 837 854 925 sociorumque
872 835 963 903 clade
981 841 1014 903 et
1032 835 1128 904 caede

117 928 244 1012 direpte
265 929 351 992 sunt
395 932 564 1011 praeterea
590 925 625 992 in
652 925 777 993 oriente
800 925 929 1012 magnis
953 925 1184 992 Armeniaci!
1293 953 1296 969 ·

79 1013 450 1172 ωξίξξοῗιίιῖιώίιῗιίἒιῖἑωῗ
473 1013 730 1190 Iiiiqnuoirnasepiieugi
731 1035 871 1169 iiiintlil
871 1013 1027 1170 1iasitlguiii
1047 1012 1127 1168 lile

101 1197 182 1260 'tres
201 1191 307 1278 urbes,
325 1151 458 1259 hoc’sst
502 1191 628 1259 codicia
642 1190 826 1278 Hierapolis
841 1191 1004 1277 Colossae,
1022 1197 1128 1258 terrae

117 1286 207 1348 motu
234 1279 452 1346 conciderunt
501 1286 537 1346 at
562 1301 640 1346 uero
669 1277 756 1346 Nero
783 1285 956 1366 postquam
986 1279 1125 1347 Galbam
1145 1290 1182 1343 ss

117 1369 152 1434 in
174 1367 335 1453 Hispania
357 1368 587 1452 imperatorem
610 1372 755 1434 meatum
779 1368 820 1434 ab
844 1369 985 1434 exercitu
1007 1388 1127 1454 cogno·
1221 1415 1225 1420 -

78 1465 104 1509 ¹⁸
117 1456 175 1541 uit,
197 1460 286 1522 totus
309 1453 418 1522 animo
441 1477 479 1522 ec
502 1478 559 1543 spe
582 1455 732 1523 concidit
767 1477 904 1542 cumque
927 1455 1128 1522 incredibilia

117 1542 363 1628 perturbandae,
384 1543 484 1610 immo
508 1543 711 1610 subruendae
734 1543 929 1627 reipublicae
951 1543 1038 1609 mala
1060 1564 1128 1610 mo·

117 1630 244 1712 liretur,
270 1629 377 1697 hostis
400 1651 420 1696 a
443 1635 557 1696 senatu
581 1631 811 1715 pronuntiatus
834 1638 868 1696 et
890 1630 1127 1715 ignominiosis·

118 1715 683 1891 llillllltltddrlu‘si‘imll
698 1718 1035 1872 “sallitat
1051 1717 1128 1871 ll?

285 1853 293 1888 Ι

32 2007 52 2046 a
64 1903 106 2034 ‘ll
118 1898 353 2048 mliiinrisib
378 1981 457 2046 urbe
479 1980 611 2082 condita
633 1997 824 2048 necemus
842 1979 949 2047 Galba
965 2003 987 2047 a
1009 1980 1052 2046 ud
1071 1979 1164 2048 lli-e

118 2069 249 2157 spaniae
279 2069 453 2156 usurpauit
483 2069 663 2156 imperium.
712 2069 767 2157 qui
799 2091 888 2156 mox,
919 2073 957 2136 ut
987 2003 1128 2137 licronis

118 2165 256 2226 mertem
279 2159 440 2244 conperit,
467 2157 606 2226 Romam
630 2159 731 2244 uenit3
758 2180 894 2247 cumque
917 2180 1030 2227 omnes
1053 2181 1128 2225 ana·
1217 2219 1218 2222 ,

116 2247 193 2313 ritia
228 2247 365 2314 saeuitia
401 2247 604 2337 segnitiaque
641 2247 831 2334 offenderet,
871 2245 1023 2315 Pisonem
1065 2247 1127 2314 sibi

78 2348 105 2391 ιι
118 2336 261 2403 nobilem
289 2336 546 2425 industriumque
574 2337 812 2404 adulescentem
840 2337 875 2405 in
904 2337 1006 2404 tilium
1029 2341 1128 2424 atque

117 2425 152 2490 in
174 2446 310 2514 regnum
333 2425 515 2512 adoptauit:
539 2449 612 2494 cum
630 2446 695 2512 quo
714 2425 852 2515 septimo
871 2447 981 2494 mense
999 2425 1126 2514 imperii

119 2515 168 2580 sui
191 2515 234 2582 ab
257 2514 386 2583 Othone
409 2515 576 2602 iugulatus
600 2520 659 2582 est

183 2603 259 2671 lauit
282 2606 386 2672 Roma
408 2605 559 2672 caedibus
581 2605 764 2692 principum
786 2605 998 2692 excitatisque
1020 2605 1160 2673 ciuili-s

118 2691 177 2759 bue
201 2693 294 2760 bellis
323 2698 467 2761 recentes
490 2693 695 2762 Christianae
721 2693 890 2779 religionis
919 2693 1068 2778 iniurias,
1093 2699 1129 2760 et

78 2792 105 2836 ιθ
119 2781 215 2867 signa
236 2781 294 2848 illa
315 2782 491 2869 legionum,
514 2803 595 2869 quae
614 2783 675 2849 sub
694 2782 836 2848 aduentu
853 2781 887 2848 in
906 2782 1020 2849 urbem
1039 2781 1126 2849 Petri

117 2869 256 2955 apostoli
285 2870 443 2938 diuinitus
472 2871 637 2950 cohercite
667 2869 805 2937 conuelli
833 2870 924 2937 nullo
955 2870 1052 2938 modo
1075 2871 1127 2936 'ad

118 2959 324 3026 excitandum
347 2959 442 3027 ciuile
465 2959 586 3027 bellum
609 2958 791 3044 ualuerant,
813 2959 898 3045 quod
920 2981 978 3046 per
1001 2957 1126 3027 Scribo·

117 3045 251 3113 nianum
274 3049 461 3133 parabatur,
482 3046 579 3115 Petro
598 3047 632 3114 in
651 3047 731 3114 urbe
749 3047 920 3115 interiecto
939 3053 973 3115 et
990 3047 1125 3116 Christi·

118 3133 190 3200 anis
213 3155 391 3220 poenarum
414 3135 604 3204 diuersitate
626 3134 758 3202 laniatis
776 3140 848 3202 tolo
871 3157 906 3203 se
925 3136 1003 3204 orbe
1022 3137 1126 3203 solue·

78 3226 203 3288 smne
246 3222 286 3288 de
313 3224 473 3310 Hispania
500 3223 657 3312 siquidem
685 3225 761 3290 ilico
791 3221 897 3291 Galba
928 3228 1162 3308 surrexerat;t

140 3327 182 3372 uo
199 3329 276 3372 mox
293 3331 448 3393 oppresso
467 3311 553 3378 Otho
572 3312 706 3391 Romae,
719 3310 873 3378 Vitellius
890 3312 925 3378 in
943 3310 1126 3396 Germania,

150 3392 339 3473 aspasianus
357 3395 392 3459 in
405 3393 501 3480 Syrie
519 3397 657 3480 imperia
675 3398 771 3463 simul
790 3405 887 3482 atque
905 3420 997 3465 arma
1013 3419 1126 3486 rapae·

103 3767 270 3784 ——b
