2800 3790
314 109 510 161 mveusvsr
526 107 693 164 clarnos
710 111 753 176 111¹
773 113 886 167 ιι-ιι.
1060 107 1102 174 81
1161 109 1162 112 ‘

94 275 155 342 per
177 251 372 338 Philippum,
395 251 526 319 etiamsi
549 252 736 321 Alexander
758 253 788 320 ei
810 276 875 322 non
899 253 1108 322 successisset

95 343 129 408 in
153 361 300 426 regnum.
336 338 427 405 cuius
449 341 536 406 bella
559 341 660 407 immo
683 343 745 407 snb
767 343 858 407 cuius
878 341 976 408 bellis
994 341 1107 408 mnndi

95 429 183 495 mala
210 426 324 494 ordine
347 428 515 512 sequentia
538 427 700 513 suspendo
722 428 902 515 paulisper,
929 434 967 495 ut
988 429 1024 495 in
1045 429 1109 496 hoc

97 517 167 581 loco
190 536 250 598 pro
273 515 501 581 conuenientia
523 519 708 600 temporum
730 515 879 582 Romana
901 515 1069 582 subiciam.

56 618 71 663 ι
162 601 259 667 Anno
278 602 320 666 ab
343 600 423 666 urbe
441 602 572 668 condita
590 617 765 668 ccccxxv!
784 601 946 668 Caudinas
964 602 1142 668 furculas!

96 689 178 755 satie
209 687 353 754 celebres
385 694 418 754 et
445 688 590 756 famosos
617 689 755 776 insignis
783 687 1005 756 Romanorum
1032 688 1110 756 lecit

96 777 241 843 infamia.
276 797 354 842 nam
373 798 446 843 cum
466 778 631 862 superiore
647 777 733 843 bello
747 777 865 864 uiginti
880 777 970 843 milia
983 773 1109 842 Samni·

95 871 165 930 tum
185 863 287 929 Fabio
310 865 469 950 magistro
493 865 637 950 equitum
660 885 803 951 pugnem
823 868 1013 930 conserente
1032 863 1112 930 ceci·

96 953 234 1037 dissent,
263 951 543 1039 circumspectiore
570 974 648 1019 cura
670 951 832 1019 Samnites
861 974 900 1018 ac
927 973 981 1017 ma
1007 951 1033 1018 's
1061 951 1111 1018 in-

57 1047 219 1107 restructo
242 1045 401 1126 apparatu
424 1040 510 1126 apud
528 1039 692 1108 Caudinas
715 1021 860 1108 surmtai
880 1062 959 1108 cons
1000 1045 1110 1128 erunt3

21 1163 30 1192 ..
44 1130 152 1196 sicubi
181 1151 254 1196 cnm
279 1126 458 1196 lVeturium
482 1134 515 1195 et
537 1128 741 1197 Postumium
763 1129 912 1196 consules
934 1148 1111 1216 omnesque
1129 1139 1147 1192 ι

97 1218 207 1304 copias
230 1217 452 1284 Romanorum
480 1219 642 1305 angustiis
669 1217 813 1285 locorum
839 1217 1000 1303 armisque
1023 1218 1111 1285 clau·

97 1307 225 1392 sissent,
243 1305 379 1375 Pontius
398 1307 461 1373 dux
481 1328 592 1375 eornm
611 1307 643 1374 in
662 1312 790 1374 tantum
809 1305 930 1374 ebusus
944 1311 995 1374 est
1007 1305 1110 1375 uicto·

95 1397 164 1466 riae
182 1397 366 1486 securitate,
383 1401 421 1466 ut
437 1396 637 1466 Herennium
655 1403 782 1486 patrem
800 1397 1033 1467 consulendum
1051 1419 1109 1486 pu·
1167 1456 1172 1468 .

56 1506 84 1550 rs
96 1493 193 1572 taret,
215 1493 324 1556 utrum
348 1489 508 1558 occideret
531 1490 659 1557 clausos
682 1512 725 1557 an
747 1493 895 1576 parceret
912 1488 1111 1575 subiugatis:
1177 1523 1182 1532 ·

95 1582 134 1644 nt
157 1579 250 1644 uiuos
272 1582 383 1644 mmen
406 1578 555 1645 dedecori
579 1583 769 1662 reseruaret
791 1577 899 1664 elegit
944 1576 1146 1643 Romanoet

97 1665 182 1731 enim
202 1669 299 1732 antea
316 1667 506 1752 saepissime
524 1666 610 1733 uinci
630 1670 664 1732 et
682 1665 794 1746 occidi,
811 1685 987 1750 numquam
1002 1669 1110 1731 anum

96 1753 775 1930 &tlttttlltttdtttlt‘
791 1754 973 1912 {3250th
990 1752 1146 1911 ltti⁰⁸

54 1947 82 1989 ιι
95 1950 176 1995 num
200 1931 339 2015 turpiter
360 1935 492 2016 captum
516 1934 616 1998 armis
639 1933 738 1998 etiam
762 1932 1028 2018 uestimentisque
1052 1952 1110 1996 nu·

94 2017 217 2103 datum,
238 2022 367 2084 tanturm
386 2018 525 2106 singulis
544 2019 713 2086 uilioribus
732 2019 941 2106 operimentis
960 2020 1003 2084 ob
1022 2040 1109 2085 nere·

95 2107 198 2172 cunda
218 2127 390 2192 corporum
409 2105 550 2195 tegenda
568 2107 740 2193 concessis,
763 2107 954 2195 subiugum
974 2107 1109 2175 missum

94 2195 293 2281 seruitioque
316 2195 505 2278 subiectum,
528 2197 662 2283 longum
686 2217 784 2282 agere
802 2218 941 2282 pompae
960 2197 1107 2264 ordinem

54 2386 81 2428 ι
93 2283 1142 2459 ἓὶἓῗὲἓῖξῖῗειὲῗῖ.“ἓέἷηῖ.ἶ’ἷ“ῗμίἶῧῗῗῖ“ζῗὲἒ.“ἵῗιἐξ“

93 2479 213 2527 uacuos
237 2460 387 2526 consules
411 2460 613 2528 remiserunt.
832 2423 841 2458 ’

159 2548 243 2628 Quid
267 2548 306 2616 de
326 2548 552 2637 exaggeranda
569 2549 665 2618 liuius
682 2549 862 2618 foedissimi
883 2547 1019 2619 foederis
1038 2573 1105 2619 ma·
1125 2563 1141 2616 t

93 2637 166 2704 cula
182 2636 293 2705 uerbis
311 2638 464 2722 laborem,
483 2637 538 2726 qui
551 2642 659 2706 taosm
673 2639 885 2708 maluissem?
907 2639 1004 2708 hodie
1019 2640 1106 2710 enim

94 2725 232 2794 Romani
255 2731 313 2794 aut
330 2727 463 2795 omnino
482 2748 550 2795 non
569 2733 678 2795 essent
695 2733 753 2796 aut
767 2727 900 2798 Samnio
919 2728 1107 2798 dominante

55 2830 83 2872 ιο
96 2817 267 2901 seruirent,
289 2815 318 2884 si
340 2816 436 2884 fidem
460 2814 611 2902 foederis,
633 2839 730 2905 qnam
755 2817 818 2886 sibi
841 2819 964 2887 seruari
987 2841 1008 2886 ι
1031 2819 1107 2888 sub·

92 2903 185 2974 iectis
207 2906 330 2993 uolunt,
353 2905 418 2993 ipsi
441 2907 579 2975 subiecti
602 2905 804 2976 Samnitibus
827 2909 1056 2978 seruauissent

159 2995 343 3065 Posteriora
366 3017 451 3064 anno
474 2997 660 3088 infringunt
682 2997 822 3067 Romani
845 2999 1006 3067 firmatam
1029 3009 1140 3070 cums

93 3083 293 3156 Samnitibus
315 3085 500 3176 pactionem
522 3109 641 3179 eosque
664 3089 699 3156 in
721 3089 841 3158 bellum
864 3094 996 3180 cogunt,
1019 3090 1104 3182 quod

92 3175 224 3266 Papirio
247 3178 379 3248 consule
400 3177 573 3249 insistente
591 3179 801 3250 commissum
820 3201 958 3270 magnas
976 3187 1104 3290 strepas

52 3284 79 3328 ιι
92 3269 195 3336 utrius
218 3291 259 3336 ue
277 3269 390 3356 populi
408 3268 504 3338 dedit
536 3291 609 3338 cum
626 3269 704 3338 hinc
721 3271 771 3338 ira
789 3271 929 3339 recentis
942 3271 1104 3360 infamiae,
1122 3285 1139 3337 e

90 3356 165 3426 inde
187 3291 292 3446 deria
313 3359 480 3445 proximae
499 3359 655 3428 uictoriae
671 3363 858 3448 pugnanter
876 3361 1104 3451 instimularet,

89 3450 222 3516 tandm
248 3446 389 3514 Romani
417 3449 628 3537 pertinaciter
657 3449 824 3519 moriendo
854 3449 1014 3540 uicerunt3
1044 3473 1105 3522 nee

142 3558 512 3606 anemurum-mm.
926 3560 943 3610 a
