2806 3788
280 184 344 252 100
530 185 637 240 PAVLI
655 183 779 239 ΟΒΟΒΠ
796 183 1044 240 morumve

279 329 408 413 putent,
428 347 497 394 non
519 330 628 392 temen
650 327 794 409 uouisseo,
815 327 854 390 ut
874 325 973 391 etism
997 323 1150 390 edserent
1171 345 1291 410 conpe-

208 487 211 493 ,
245 415 383 481 urendo
406 413 568 499 maiore.
602 411 873 500 quemedmodum
898 413 926 478 si
952 413 1026 498 quis
1049 434 1068 479 e
1089 412 1290 480 mollissimis

278 503 390 569 stretis
418 500 632 588 cubiculoque
658 499 888 587 percommodo
915 503 1097 567 metutinus
1124 499 1291 587 egrediens

278 594 440 656 nocturno
465 587 542 676 gelu
567 589 759 656 lecunsrum
781 588 878 656 ‹loree
901 587 1084 675 obriguisse
1106 586 1291 675 herbesque

278 674 471 745 incelnuisse
502 678 705 762 prospiceret
735 680 771 745 et
799 675 969 762 inopineto
1002 676 1075 743 uisu
1107 675 1290 743 admonitus
1305 703 1326 744 s·
1342 693 1381 736 ιιι

278 764 402 831 diceret
421 763 537 852 ‘trigue
559 767 611 830 est
632 763 755 832 hodie’:
776 763 831 831 hic
853 762 936 830 milri
957 785 1162 851 nequequam
1184 785 1292 868 repre·
1318 781 1333 823 ο

278 851 467 921 tondendus
487 851 659 940 uideretur,
677 852 755 942 quie
772 851 827 920 uel
840 853 1005 921 communi
1018 875 1080 920 usu
1092 853 1145 920 uel
1160 874 1292 939 propno

241 954 377 1009 seeneu
403 941 531 1009 locutus
558 946 653 1009 esset
692 943 734 1024 >ut
761 942 790 1010 si
812 941 957 1027 trepidus
979 942 1014 1008 in
1037 941 1220 1008 cubiculum
1243 963 1293 1007 re-

278 1051 412 1097 currens
438 1029 613 1115 sucusqoe
639 1051 712 1097 sese
739 1029 930 1115 scloperieus
956 1030 1009 1097 uel
1036 1029 1143 1124 mugio
1171 1029 1293 1095 abdens

278 1118 443 1202 clssnsret,
464 1121 593 1185 tentum
617 1117 749 1185 omnino
771 1117 876 1205 frigus
899 1138 971 1184 osee
994 1122 1153 1205 quantum
1175 1138 1235 1184 nco
1257 1117 1292 1183 in
1308 1135 1334 1178 ιο

209 1247 216 1260 ·
277 1205 671 1314 Appenninosliqoundo
691 1207 799 1313 luerit,
821 1229 895 1314 cum
913 1205 1292 1314 Hennibeloenlepheutoe

238 1299 648 1469 ‚qm
662 1297 1293 1486 ellemberti:

276 1471 335 1538 tris
360 1475 566 1538 mouentem
592 1493 658 1538 non
685 1470 782 1538 modo
805 1471 968 1538 decentem
991 1473 1055 1539 iste
1077 1493 1143 1538 non
1166 1469 1294 1555 terrem,

278 1559 336 1628 eccl
357 1559 457 1627 etiem
480 1559 522 1627 eb
545 1559 625 1647 ipsis
649 1560 776 1645 urstis,
802 1558 865 1626 otii
887 1559 938 1626 sui
961 1560 1111 1645 testibus,
1133 1559 1168 1626 in
1189 1575 1334 1646 popu-1⁸

276 1647 348 1715 lum
375 1647 605 1735 publicumque
631 1647 871 1734 protraherem,
900 1649 993 1735 eique
1020 1648 1109 1716 tores
1136 1646 1293 1734 producto

277 1735 422 1806 intentes
443 1735 478 1805 in
500 1758 540 1806 eo
564 1741 661 1825 etque
684 1759 723 1805 ex
747 1759 786 1806 eo
810 1736 886 1827 gelu
909 1735 1058 1806 ludentes
1082 1734 1294 1805 iucunduntes

220 1839 261 1893 ιο
279 1825 497 1914 sudantesque
515 1831 742 1910 monstrarem,
759 1829 797 1892 ut
809 1825 948 1893 uerbose
960 1825 1132 1914 nuguoites
1146 1824 1295 1892 delicetie

277 1913 397 1981 uitiets
418 1913 627 2017 nutrimentis
650 1934 726 1980 non¹
740 1913 776 1979 in
798 1917 944 2016 tempore
966 1913 1158 2017 uiolentiem
1180 1911 1238 1980 sed
1260 1911 1294 1978 in

278 2001 1296 2174 tumullttltsstlttttlltttssl⁶‚tlt
1310 2016 1337 2058 '⁰

220 2279 258 2332 st
278 2176 1007 2369 Quzlffimfflolposbplgbmffirim
1025 2263 1185 2333 reuolutis
1203 2285 1296 2350 prse-

279 2357 453 2422 tentorcm
480 2353 627 2420 clsdrbue
650 2352 838 2439 adprobabo
860 2347 980 2436 Pyrrhi
1003 2353 1091 2421 bello
1115 2353 1150 2420 in
1171 2353 1296 2441 primis.

280 2441 367 2509 sicut
382 2441 463 2509 orclo
480 2445 541 2526 est,
562 2441 701 2527 prodito.
733 2440 825 2508 cuius
844 2461 942 2506 ouuse
960 2443 994 2508 et
1011 2440 1105 2527 origo
1123 2441 1205 2508 beec
1222 2439 1296 2508 luit.
1309 2454 1337 2499 ιι

239 2535 261 2596 1
350 2528 454 2598 lAnno
476 2529 518 2598 eb
536 2529 616 2597 urbe
634 2527 764 2598 condite
781 2543 970 2597 cosmum
989 2527 1161 2598 'l'srentini
1178 2527 1297 2598 Romu·
1310 2556 1332 2597 s·
1346 2543 1383 2586 ιιι

277 2640 357 2686 nem
383 2619 521 2686 clusum
545 2617 630 2686 forte
657 2619 933 2704 praetereuntem,
962 2617 1297 2703 spectacuculum

279 2709 487 2793 prospectem
508 2703 673 2773 hostiliter
694 2704 898 2788 inusserunt,
921 2703 1064 2791 quinque
1087 2708 1217 2771 tentum
1239 2725 1297 2771 ns·

278 2793 377 2864 uibus
403 2794 459 2862 uix
487 2813 547 2884 per
573 2793 687 2884 iugem
709 2792 843 2882 clupeis,
869 2795 978 2862 cetere
999 2795 1143 2862 retreotc
1165 2793 1200 2860 iu
1223 2814 1296 2880 por·

280 2890 351 2953 tum
377 2883 492 2954 olsssis
515 2888 550 2953 et
570 2883 746 2972 profligate
768 2889 831 2972 est3
858 2883 1016 2972 preelecti
1038 2883 1175 2952 neuium
1196 2882 1296 2951 truci·
1309 2901 1337 2945 so

281 2973 365 3058 deti,
389 2995 504 3041 omnes
530 2973 618 3040 bello
644 2973 742 3040 utiles
770 2973 869 3057 cessi,
898 2972 1016 3059 reliqui
1043 2973 1148 3057 pretio
1172 2971 1298 3039 uenditi

244 3064 369 3128 scunt
404 3060 562 3129 continuo
584 3059 679 3127 missi
701 3059 880 3128 Turonium
903 3081 923 3125 u
944 3059 1104 3126 Romanis
1126 3059 1238 3144 legeti,
1260 3063 1298 3126 ut

282 3147 323 3216 cle
339 3147 452 3216 inlsh's
471 3149 682 3234 quererentur
698 3146 837 3232 iniuriis,
858 3147 982 3251 pulseti
1001 3147 1043 3215 ub
1061 3145 1166 3215 isdem
1184 3150 1298 3214 unctes

280 3236 416 3326 insuper
435 3237 572 3306 iniurius
593 3237 798 3305 nttulmunt.
833 3234 887 3304 lus
909 3237 1016 3305 ccusis
1039 3236 1162 3304 bellum
1180 3235 1297 3323 iugens

242 3332 430 3397 emortum
451 3331 511 3397 est.
550 3325 728 3414 Romanos,
749 3325 807 3416 qui
829 3326 1006 3415 quentique
1027 3326 1140 3395 hostes
1162 3324 1338 3394 circum-⁸⁶

282 3419 469 3504 sheperent
488 3416 734 3504 permetientes,
755 3414 872 3482 ultime
894 3413 1006 3502 edcgit
1025 3415 1203 3482 necessites
1225 3433 1298 3517 pro·

282 3503 415 3574 leterius
442 3523 573 3591 quoque
598 3503 635 3569 in
662 3523 754 3570 erms
780 3521 910 3589 cogere,
937 3500 1002 3569 boc
1027 3505 1080 3569 est
1105 3522 1161 3567 eos
1185 3520 1240 3587 qm
1262 3501 1298 3566 in

1336 3701 1384 3762 A
