2806 3788
351 89 546 144 snvnasvu
564 87 730 143 recusos
748 89 791 142 ιιι
810 92 851 144 ιι.
872 91 914 143 ss.
1096 83 1140 152 83
1276 53 1279 86 ²

126 233 328 302 transcendit
358 236 392 299 et
423 231 610 319 quingentis
642 230 757 298 stadiis
784 229 845 297 sub
873 251 938 296 una
964 229 1017 296 dis
1044 251 1141 296 cursu

126 321 338 403 transmissis,
360 319 500 387 Tarsum
516 319 619 401 uenit,
640 319 753 404 ibique
770 339 843 386 cunr
862 317 983 386 sudans
1000 317 1038 382 in
1055 315 1140 402 cyt-

127 433 204 478 num
227 406 461 495 praeirigidum
489 427 618 473 amnem
646 405 877 492 descendisset,
899 404 1045 492 obriguit
1065 425 1141 472 con·
1280 423 1283 431 “
1308 426 1313 444 >·

127 502 297 582 tractuque
318 515 494 562 neruorum
515 493 683 580 proximus
705 493 803 561 morti
824 493 896 560 fuit
931 493 1057 560 interea
1075 489 1178 558 Des

101 587 195 653 srius
223 605 296 651 cum
320 597 385 652 ccc
412 583 545 649 milibus
571 581 718 667 peditum
741 585 775 648 et
797 598 818 647 o
841 581 973 647 milibus
995 581 1142 666 equitum

127 674 163 739 in
190 671 291 738 aciem
319 669 474 757 procedit
518 669 674 736 mouebat
695 667 777 736 base
799 667 974 735 multitudo
997 667 1142 734 hostium

127 759 227 827 etiam
254 755 474 825 Alexandrum
505 755 645 823 maxime
677 759 827 840 respectu
853 755 1027 840 paucitatis
1054 775 1142 837 suae,

127 845 276 934 quamuis
297 844 364 912 ianr
386 842 511 930 pridem
534 859 582 912 nc
605 841 738 909 milibus
759 842 905 910 hostium
928 842 1040 908 eadem
1062 862 1141 927 pan·

127 937 226 1004 citato
256 933 417 1022 superatis
446 953 515 1001 non
543 933 649 1000 solum
678 953 746 1000 non
773 931 887 999 timere
913 951 1058 1019 pugnam
1085 929 1142 997 sed

88 1043 115 1085 ιο
128 1026 227 1092 etiam
254 1024 424 1092 uictoriam
454 1043 583 1111 sperare
606 1022 781 1090 didicisset
826 1021 937 1109 itaque
960 1042 1032 1089 curn
1055 1019 1177 1088 intrat

127 1115 248 1182 iactum
275 1113 333 1180 teli
358 1119 494 1199 uterque
520 1111 724 1180 constitisset
750 1111 908 1178 exercitus
935 1114 971 1177 et
996 1111 1142 1177 intentos

129 1202 170 1267 ad
197 1201 328 1287 signum
353 1199 433 1266 belli
455 1201 595 1286 populos
618 1199 833 1266 discurentes
856 1197 1017 1284 principes
1040 1197 1141 1264 uariis

128 1287 348 1355 incitamentis
390 1291 555 1372 acuerent,
595 1286 782 1373 ingentibus
823 1284 987 1372 utrimque
1023 1285 1142 1351 animis

88 1480 115 1524 ,r
128 1375 556 1532 ttttmtttttt
582 1372 1179 1531 tttttttttt‘t‘?

40 1581 63 1621 a
76 1567 116 1612 ¹⁸⁸
129 1554 204 1636 init,
231 1552 338 1640 quoad
363 1552 493 1657 fugerat
514 1514 648 1638 Dirius,
680 1550 796 1618 exinde
824 1549 938 1618 caedes
960 1483 1143 1618 Pertimuit

129 1644 242 1710 secuta
263 1646 321 1709 est
365 1641 412 1708 ibi
435 1645 507 1708 tum
528 1641 674 1728 peditum
697 1657 796 1707 nm
819 1639 925 1726 milia,
948 1639 1094 1727 equitum
1117 1650 1177 1706 xe

128 1731 219 1798 milia
245 1751 353 1814 esem,
379 1735 476 1818 capta
503 1736 612 1799 autem
635 1747 683 1798 ιιι,
711 1729 804 1796 milia
831 1729 929 1796 fuere.
974 1751 1013 1796 ex
1036 1727 1143 1798 Mace-

129 1821 268 1888 donibus
299 1841 377 1886 uero
405 1820 547 1888 cecidere
574 1821 698 1908 pedites
726 1836 834 1907 cm,
863 1819 989 1906 equites
1011 1835 1064 1888 οι..
1108 1818 1143 1886 in

89 1908 245 1977 ”castris
263 1908 434 1975 Persarum
458 1909 596 1975 multum
619 1909 691 1975 auri
713 1913 957 1994 ostensumque
978 1930 1077 1994 opum
1094 1929 1144 1976 re·

129 2001 267 2082 pentum.
311 1997 398 2062 inter
423 1997 571 2081 cepticos
600 2001 781 2062 saeuorum
804 1999 965 2062 meteret
987 2017 1070 2063 uxor
1091 2017 1144 2062 ea·

129 2082 266 2168 demque
303 2102 396 2149 soror
431 2088 466 2149 et
499 2083 587 2150 filiae
624 2082 706 2149 duae
738 2081 831 2150 Desii
862 2082 965 2166 iuernq
1006 2103 1142 2170 quarum
1162 2093 1197 2148 ιο

129 2169 382 2256 redemptionem
396 2167 516 2236 Darius
539 2191 612 2238 cum
636 2171 734 2236 etiam
759 2169 872 2238 oblata
894 2169 987 2257 segni
1010 2171 1145 2237 dimidia

131 2262 222 2412 parte
245 2279 310 2362 nqn
332 2257 578 2363 inpetraoisset,
605 2257 704 2325 tertio
727 2259 850 2362 eunctis
873 2258 1047 2364 Persepom
1068 2257 1145 2326 uiri·

92 2361 194 2502 ”tt
214 2345 1144 2522 ttt⁰ttt¹¹tttt¹¹¹tt¹¹titttitttttt‘t
1162 2447 1196 2501 ι

23 2539 24 2542 ’
130 2522 171 2587 ad
201 2521 416 2589 inuadendam
445 2522 607 2590 Persicam
635 2522 775 2590 classem
801 2544 874 2591 eum
902 2523 1005 2609 copiis
1031 2524 1144 2608 mittit,

129 2608 200 2694 ipse
221 2609 257 2674 in
279 2607 408 2695 Syriam
431 2609 656 2695 proficiscitur,
677 2609 724 2675 ibi
742 2631 782 2676 ex
799 2609 912 2676 multis
931 2609 993 2677 sibi
1011 2611 1142 2698 regibus

131 2717 203 2763 cum
225 2695 338 2764 infulis
359 2697 446 2765 uitro
469 2695 712 2766 occurrentibus
731 2698 813 2764 alios
830 2697 954 2784 allegit,
975 2697 1057 2766 alios
1075 2720 1142 2766 mu·

90 2782 228 2870 estruit,
258 2783 341 2852 alios
363 2785 517 2872 perdidit,
543 2783 572 2852 Τ
597 2805 669 2852 rum
693 2784 804 2853 urbem
827 2785 1088 2872 antiquissimam
1110 2790 1145 2854 et

23 2897 25 2956 ᾖ
124 2870 402 2964 ‚florentissimam
423 2871 542 2940 fiducia
588 2873 879 2960 arthaginiensium
902 2873 1028 2942 sibico
1072 2879 1172 2946 sto.

23 2971 26 3046 ᾗ
130 2981 201 3027 rum
229 2959 458 3047 obsistentem,
489 2960 653 3049 oppressit
680 2966 715 3029 et
739 2962 835 3048 cepit
880 2961 966 3029 exim
992 2959 1031 3032 ci
1044 2961 1141 3032 iciam
1160 2975 1196 3029 ts

23 3049 25 3120 i
130 3045 281 3116 Rhodum
314 3054 411 3138 atque
440 3052 629 3142 Aegyptum
661 3049 819 3137 pertinaci
849 3049 959 3120 iurore
985 3051 1143 3140 perdedit

23 3127 26 3204 ἶ
130 3136 206 3205 inde
228 3137 270 3205 ad
291 3137 449 3225 templum
462 3137 552 3208 Ionis
566 3139 761 3208 Hammonis
779 3139 897 3229 pergit,
918 3141 1142 3210 nt'mendaoio

23 3237 27 3278 t
42 3251 67 3292 r·
79 3241 119 3285 su
132 3226 174 3293 ad
199 3224 332 3313 ¹tempus
350 3228 520 3314 conposito
539 3227 754 3316 ignominiam
773 3228 836 3298 sibi
854 3228 957 3316 patris
975 3230 1091 3298 incerti
1110 3233 1143 3300 et

23 3299 26 3412 ξ
90 3331 116 3374 ⁸⁶
131 3314 299 3383 infamiam
320 3314 491 3422 'adulans
513 3319 629 3422 matris
651 3317 807 3385 aboleret
851 3339 927 3385 nam
951 3320 1141 3388 arcessitum
1160 3333 1195 3385 te

23 3417 25 3496 ξ
130 3403 172 3472 ed
199 3423 234 3470 sa
260 3402 330 3472 iam
351 3426 454 3507 qusus
477 3407 659 3476 antistitem
681 3428 722 3474 ex
744 3407 872 3475 occulto
895 3407 1036 3493 monuit,
1063 3407 1141 3498 quid

23 3515 24 3526 ,
337 3509 341 3517 .
942 3513 980 3570 ⁶,
