2826 3784
427 65 622 118 nnvnesver
640 63 805 118 recines
823 65 847 116 v
866 69 891 122 ι.
909 68 935 118 e
1115 63 1179 130 143

167 207 321 294 quietudo
349 205 435 274 enim
461 207 635 291 bellorum,
661 227 727 292 que
753 206 803 273 illi
830 207 936 275 ettriti
963 210 1054 292 eunt,
1082 209 1179 276 nobie

166 297 178 362 i
225 301 282 364 ctu
309 301 368 362 eet.
412 295 447 362 in
475 297 544 362 otio
572 301 694 380 eutem,
721 295 808 382 qued
836 295 887 362 illi
909 301 985 382 poet
1007 297 1180 383 imperium

167 317 318 452 dietari·
345 383 616 472 nutiuitutemque
639 382 762 452 Christi
791 383 934 451 tenuiter
954 389 1180 472 guetuuerunt,

164 494 226 541 noe
255 473 420 540 neecimur
449 477 483 539 et
511 472 723 560 reueecimue3
751 471 838 559 quod
868 472 936 540 illie
966 477 1038 540 eret
1064 472 1177 541 debitu

137 561 276 648 ‘pensio
300 561 467 628 seruitutis
490 561 586 628 nobie
608 565 660 628 eet
680 561 784 627 libere
806 561 947 628 conlatio
969 560 1177 646 detentionis,

164 653 354 734 tentumque
377 649 515 715 interest
535 647 622 714 inter
638 648 1078 751 praeterite-praesenteque
1096 653 1177 715 tem·
1196 659 1232 710 ιι

163 757 254 823 pore,
273 740 309 802 ut
326 735 413 823 quod
427 735 533 803 Rome
550 735 586 801 iu
602 757 697 802 ueum
716 737 862 802 luxurrce
877 757 955 802 eure
968 736 1054 802 ierrc
1073 740 1179 803 extor-

69 849 92 889 ι
106 839 146 882 m
164 823 286 910 quebct
307 843 327 889 u
350 821 490 907 neletrie,
512 823 652 891 nuncin
671 844 764 890 urum
783 823 964 890 communie
982 823 1179 910 reipublicae

165 911 313 979 conteret
338 911 411 998 ipen
437 911 614 979 nobiscum.
659 915 718 978 cut
740 911 769 979 ei
792 911 834 978 eb
858 914 967 998 ulique
990 911 1110 980 dicitur
1131 916 1180 980 tu·

123 1017 151 1060 ιι
163 999 366 1066 lerubilioree
388 999 578 1086 perentitur
600 1000 721 1066 nostrie
744 997 912 1067 Βοιιιιιοι
934 1000 1047 1068 horter
1069 1000 1179 1086 iniere,

164 1109 263 1175 quum
284 1087 381 1156 nobie
404 1086 531 1155 Gothos
553 1109 639 1173 esee,
661 1087 774 1154 uudiut
795 1092 829 1155 et
849 1087 1034 1176 intelleget,
1077 1093 1177 1156 uento

33 1203 38 1218 ·
165 1177 259 1243 eliter
286 1198 385 1263 quum
409 1177 494 1244 circe
516 1177 683 1261 reipsum
710 1175 820 1264 egitur
841 1175 905 1243 eibi
927 1199 998 1244 eeee
1021 1111 1179 1245 uidentur.

231 1263 317 1331 Olim
340 1285 413 1331 cum
435 1263 523 1331 bellu
545 1268 616 1331 tcto
635 1263 713 1332 orbe
738 1264 917 1348 ieruebuut,
939 1285 1086 1352 quaeque
1102 1287 1177 1351 prc-
1196 1285 1231 1336 ιι

163 1351 273 1418 uinciu
285 1351 353 1419 euir
370 1350 502 1439 regibus
521 1352 590 1419 ruie
608 1351 638 1418 le
665 1351 735 1418 'bur
753 1353 884 1438 euinque
903 1352 1047 1420 moribue
1065 1353 1178 1420 utebu·

123 1453 150 1498 ¹⁸
163 1443 232 1524 tur,
254 1461 315 1507 nec
337 1445 409 1507 eret
430 1441 569 1506 weietce
591 1439 631 1506 ed
646 1440 825 1525 ectiouum‚
852 1441 909 1507 ubi
931 1439 1111 1508 dissidebat
1132 1441 1179 1508 di·

162 1527 301 1595 uereitee'
338 1533 553 1614 potentatum
588 1533 754 1615 postremo
791 1527 916 1596 rclutce
953 1532 988 1596 et
1021 1528 1178 1596 burburus

163 1621 277 1704 genter
310 1616 387 1704 quid
418 1616 551 1684 teudem
583 1617 624 1684 ed
655 1617 845 1686 eocietetem
876 1617 1062 1702 adduceret,
1097 1640 1178 1705 quue

162 1707 298 1774 diuersis
326 1727 492 1774 rectorum
519 1705 636 1774 ritibus
664 1705 833 1774 institutus
859 1707 959 1775 etiem
985 1705 1102 1796 religio
1129 1729 1178 1776 ee·

161 1794 323 1880 perlubet?
349 1796 378 1862 ei
391 1795 465 1882 quie
483 1795 585 1882 igitur
601 1799 680 1862 tunc
698 1795 875 1863 ucerbitute
893 1797 1051 1864 mulorum
1070 1795 1177 1864 uictue
1196 1815 1232 1868 rt

121 1897 149 1940 ιο
162 1884 303 1968 putrium
333 1903 407 1949 cum
435 1883 531 1950 hoste
560 1882 717 1968 deceruit,
746 1904 842 1968 quem
869 1883 1001 1950 tundem
1028 1885 1039 1950 i
1086 1887 1177 1951 otum

161 1971 269 2037 locum
291 1969 424 2056 ignotus
442 1969 545 2036 cdiii?
566 1991 665 2056 quem
683 1978 814 2058 gentem
837 1971 1032 2058 generaliter
1072 1975 1177 2038 cutm

161 2057 268 2124 hostie
296 2057 425 2125 creuit?
461 2058 513 2124 cui
541 2078 576 2125 ee
598 2078 776 2145 congressu
798 2059 904 2144 primo
932 2058 1083 2145 credidit,
1110 2080 1178 2126 ncn

162 2145 316 2212 eccietute
338 2143 481 2211 neminie
503 2143 672 2230 incitetur,
694 2166 762 2212 non
780 2145 1006 2213 communione
1023 2145 1104 2212 iurie
1122 2146 1177 2213 ud·

161 2231 291 2315 ductus,
327 2253 393 2299 nou
427 2231 598 2318 religionis
630 2233 754 2300 unitate
786 2233 940 2300 eccurue?
985 2254 1029 2300 cu
1060 2255 1176 2320 perum
1194 2251 1229 2304 ιι

120 2317 302 2405 ”exempli
333 2317 490 2386 dederunt
521 2317 648 2387 Busiris
679 2319 715 2386 in
745 2321 899 2407 Aegypto
931 2321 1176 2408 peregrinorum

161 2406 337 2473 infeliciter
366 2406 600 2474 incurrentium
631 2407 845 2493 impiieeimue
876 2407 1076 2495 immoletur,
1108 2429 1178 2475 cru·
1215 2415 1219 2426 '

162 2492 328 2561 delieeimc
358 2494 444 2562 circe
473 2496 617 2561 eduence
646 2494 772 2562 Dienee
802 2495 957 2563 Teuricce
988 2497 1088 2564 litere
1119 2496 1178 2564 eed

160 2582 268 2670 mugit
296 2603 390 2650 rcere
416 2582 573 2669 crudelic,
599 2581 741 2650 Threcia
767 2604 841 2651 cum
864 2583 923 2650 Pol
981 2587 1088 2652 eetore
1115 2606 1176 2652 euc

159 2691 261 2757 uequc
289 2670 331 2739 ed
357 2671 557 2759 propinquos
584 2671 730 2758 hospites
758 2671 917 2740 rceleretu
974 2675 1070 2740 etue
1092 2671 1176 2739 enti·

119 2759 341 2846 »quitatibus
363 2760 475 2828 uidear
497 2761 677 2848 immoreri,
702 2761 796 2829 tertie
818 2765 869 2830 eet
891 2760 997 2830 Rome
1018 2760 1058 2829 de
1080 2759 1176 2830 Pom·

158 2849 232 2934 peio
256 2848 442 2934 interiecto,
464 2850 559 2917 tertie
581 2850 755 2938 Aegyptus
777 2850 817 2917 de
839 2851 1046 2918 interfectore
1067 2849 1175 2918 Ptole·

158 2957 262 3005 muee.

63 3047 87 3091 ι
100 3040 140 3086 ιιι
227 3024 317 3094 lldihi
344 3029 454 3094 eutem
480 3027 585 3111 prime
612 3025 854 3114 qualiscumque
876 3031 985 3094 metue
1008 3025 1210 3114 perturber

156 3115 247 3186 tione
275 3115 429 3207 fugienti,
483 3116 539 3185 uie
570 3113 609 3184 de
642 3113 850 3206 confugiendi
878 3114 1021 3186 rtetiene
1050 3135 1174 3204 recuro,

116 3221 144 3269 ιι
157 3207 277 3300 ubique
306 3207 428 3298 patric,
455 3229 477 3277 u
500 3207 575 3299 ique
602 3207 655 3277 lex
682 3212 717 3278 et
741 3205 858 3296 religio
885 3227 959 3278 mec
981 3209 1041 3278 ert
1084 3225 1207 3281 nuncu

156 3321 208 3368 me
230 3298 344 3368 Alricu
367 3304 441 3373 tum
468 3299 607 3368 libenter
629 3299 755 3388 excepit
777 3319 875 3402 quem
898 3299 1097 3368 confidenter
1118 3320 1173 3367 cc·

156 3387 253 3474 ccrei;
274 3408 362 3455 nuuc
384 3408 446 3473 me,
468 3388 612 3475 iuquam,
633 3387 699 3455 ietu
717 3385 829 3454 dinen
846 3387 975 3473 excepit
994 3409 1075 3474 prce
1097 3386 1173 3454 eim·
