2724 3808
399 169 855 254 mvnusuursssrrosrr.
874 173 900 229 s.
1135 168 1159 240 5

70 345 92 388 ιι
106 331 132 376 ιι
215 311 363 383 'Maiores
385 315 491 384 nostri
513 315 627 385 orbem
648 316 750 385 totins
771 321 892 404 murce,
919 316 1034 386 ocecni
1055 317 1195 387 limbofl

144 403 426 492 circumsaeptum,
446 405 651 494 triquadrum
673 409 817 475 stntuere
838 406 972 495 eiusque
994 411 1063 477 tres
1085 427 1159 495 prr·

144 498 193 562 tes
216 491 596 566 secundusomne
619 495 780 563 drurcsrr
807 498 1021 582 noceres-unt,
1046 517 1159 586 quem·

144 583 194 650 uis
222 581 326 668 uliqui
352 581 433 650 dues
460 582 523 649 lroc
545 587 596 650 est
617 581 732 650 Asiam
754 605 794 651 sc
815 584 931 652 deinde
955 584 1101 652 Africum
1122 584 1160 652 in

117 663 310 756 eEuropcm
332 669 553 757 eccipiendsm
575 672 732 757 putarint

211 757 299 827 Asu
323 758 431 826 tribus
458 759 606 846 pertibus
634 778 757 828 oceuuo
778 758 1008 828 circumcincta
1028 783 1088 848 per
1107 763 1157 829 to-
1177 769 1197 821 ¹

143 851 213 915 tem
238 847 418 916 trunsuersi
444 847 579 935 plegem
605 848 741 916 orientis
766 848 957 916 extenditur.
1002 849 1083 918 lrsec
1105 857 1197 918 oc·⁸

144 957 257 1042 cusum
283 956 398 1004 uersus
416 959 448 1041 's
474 935 591 1040 dextre
617 937 668 1004 sui
690 936 835 1042 subssere
857 937 1090 1044 septentrionis
1112 937 1161 1006 in·

145 1029 319 1193 tritt?
335 1023 689 1198 ttttlitttt’
706 1028 875 1198 'iffi'
888 1030 998 1180 titt
1009 1025 1160 1182 iiiiii

106 1217 130 1258 ιι
145 1200 231 1288 quod
252 1199 412 1288 Magnum
435 1199 631 1288 generulitsr
652 1198 790 1268 dicimus
811 1199 920 1279 hebet

211 1287 356 1357 llvsors
377 1287 494 1375 incipit
514 1293 553 1356 ut
574 1287 643 1370 diri
665 1288 726 1356 sub
748 1288 848 1377 plugu
870 1287 1114 1377 septentrionis,
1139 1311 1156 1356 u
1178 1298 1197 1351 t

144 1376 277 1445 flumine
299 1375 419 1462 Tenui,
443 1399 509 1530 zue
530 1377 671 1465 Riphsci
693 1382 822 1444 montes
845 1375 1028 1445 Sermntico
1051 1379 1160 1445 auersi

144 1484 266 1532 ocecno
288 1461 426 1532 'I'nnuim
470 1464 585 1532 unium
608 1463 760 1551 fundunt,
782 1465 838 1550 qui
860 1465 1061 1551 praeteriens
1084 1473 1195 1531 urceo

104 1566 132 1611 ιι
145 1571 184 1618 uo
205 1551 362 1619 terminos
383 1551 562 1619 Menandri
581 1550 695 1639 Magni
717 1552 752 1619 in
769 1551 1018 1620 Rhobsscorum
1040 1551 1160 1620 linibus

144 1639 227 1708 sitos
253 1638 435 1708 Maeotidas
466 1644 565 1728 auget
590 1639 739 1728 psludcs,
768 1661 906 1729 querum
931 1640 1082 1707 inmense
1107 1661 1160 1707 er·

143 1728 279 1801 undctio
309 1729 401 1801 iuxts
432 1727 650 1802 Theodosium
680 1729 795 1800 urbem
826 1727 991 1801 Euxinum
1018 1727 1160 1800 Pontum

143 1821 208 1892 lete
235 1821 426 1913 ingreditur.
470 1821 547 1894 inde
572 1823 665 1893 iuxts
691 1818 1014 1913 Constantinopolim
1041 1821 1195 1914 longset

143 1911 319 1977 mittuntur
336 1913 519 2012 augustius,
540 1914 643 1979 donec
661 1933 717 1981 ees
735 1934 825 1978 mure
843 1912 906 1980 hoc
922 1913 1009 1998 quod
1022 1913 1159 1979 dicimus

102 2011 132 2054 ἰι
144 1994 303 2063 Nostrum
330 1997 480 2084 scorpiut
524 1996 675 2082 Europes
702 1997 737 2062 in
759 1997 921 2083 Hispanis
947 1997 1193 2064 occidentslist

144 2102 286 2149 coesnus
307 2083 448 2150 termino
471 2087 535 2170 est,
555 2083 696 2150 menime
719 2084 776 2151 ubi
797 2082 885 2170 npud
903 2081 1012 2151 (ludes
1034 2083 1159 2152 insulas

107 2241 113 2250 ,
143 2168 293 2238 Herculis
321 2171 491 2239 columneo
517 2171 670 2240 uisuntur
696 2177 730 2240 et
751 2171 914 2260 Tyrrheni
935 2171 1036 2241 meris
1059 2173 1160 2243 leuci·

143 2258 205 2327 bus
228 2261 341 2328 ocsnni
364 2263 474 2328 cestus
497 2260 685 2328 inmittitur.

209 2349 370 2416 Admone
388 2349 586 2436 principium
604 2355 656 2417 est
672 2373 692 2417 s
710 2350 829 2419 linibus
843 2350 991 2440 Aegypti
1004 2350 1157 2440 urbisque
1175 2365 1192 2418 o

67 2466 90 2508 u
103 2453 129 2496 ιι
143 2437 368 2524 Alexandrino,
381 2438 438 2506 ubi
451 2437 651 2507 Puretlronio
667 2438 784 2507 cicius
797 2439 864 2507 sits
878 2436 944 2527 lest,
957 2461 1056 2528 super
1067 2461 1158 2509 mure
1181 2485 1183 2492 -

103 2543 130 2588 re
143 2525 206 2596 hoc
231 2523 404 2617 Mergum,
435 2526 522 2616 quod
554 2548 668 2595 omnes
696 2528 813 2617 plugcs
840 2532 1008 2608 &musone
1034 2529 1158 2598 medies

141 2616 299 2684 interluit
343 2617 429 2686 unde
460 2638 519 2704 per
548 2617 621 2686 locu
648 2639 731 2706 quse
758 2617 887 2687 uccolse
913 2615 1191 2706 Oetubsthmono

141 2709 264 2774 uomnt
284 2705 374 2774 huud
394 2707 508 2794 procul
530 2728 552 2773 u
573 2709 689 2774 curuis
712 2707 891 2775 Alexandri
911 2707 1026 2796 Magni
1048 2714 1083 2777 et
1104 2731 1158 2778 su·

142 2815 201 2880 per
223 2794 331 2861 lucum
355 2791 578 2880 (lhelesruum,
599 2794 714 2863 deiude
735 2797 828 2863 inrtu
850 2796 1053 2884 superiorum
1076 2795 1158 2866 lines
1231 2791 1238 2804 '

102 2882 354 2950 sodomitarum
382 2883 484 2950 missu
504 2883 541 2950 in
561 2887 787 2951 unnsuersnm
807 2905 867 2970 per
887 2883 1083 2972 Aethiopico
1104 2885 1156 2953 de·

143 2975 231 3040 certe
251 2971 467 3040 meridianum
489 2971 653 3060 contingit
674 2993 841 3041 ooecnum.
875 2973 1008 3041 termini
1025 2973 1156 3044 Airicse
1175 2993 1206 3046 to

142 3060 184 3129 sd
206 3061 406 3130 occidentem
424 3061 511 3129 idem
529 3065 609 3129 sunt
624 3062 680 3151 qui
697 3067 733 3130 et
743 3059 905 3151 Europes,
925 3061 960 3130 id
978 3067 1030 3132 cst
1045 3062 1155 3133 lsuces

142 3149 298 3220 Gaditani
329 3150 415 3220 freti.
464 3150 599 3220 ultimus
630 3155 739 3221 sutem
771 3151 847 3222 linis
878 3152 947 3222 cius
979 3157 1030 3220 est
1060 3175 1155 3226 mons
1173 3170 1203 3224 ιι

141 3242 283 3312 Athluns
305 3247 340 3310 et
361 3241 488 3312 insulse
510 3263 592 3330 quus
614 3239 811 3312 Fortunstss
833 3247 961 3313 uoccnt

102 3347 129 3392 u
229 3331 277 3400 Et
302 3332 381 3419 quie
406 3331 552 3400 breuiter
577 3332 746 3420 generales
772 3332 931 3420 tripertiti
958 3331 1047 3402 orbis
1073 3331 1202 3403 diui-1¹

141 3419 252 3488 sioues
278 3419 367 3506 dedi,
392 3418 538 3507 ipserum
565 3441 693 3508 quoquc
793 3421 858 3489 ‘um
880 3423 1045 3510 amona,
1072 3421 1157 3492 sicut

140 3507 306 3594 pollicitus
328 3529 410 3593 sum,
431 3506 616 3596 ogniflcere
638 3529 717 3578 curs
740 3530 769 3579 o.
