2826 3784
383 171 579 224 anvnnsvu
596 170 762 225 recusos
780 171 805 223 v
822 175 849 225 a.
867 175 893 225 a.
1094 166 1158 234 149

1 367 2 370 ,
148 311 264 397 citum,
291 311 372 379 adeo
399 310 573 380 infeliciter
594 311 719 398 proelia
741 315 858 378 cuncta
879 311 983 397 gessit
1005 316 1104 398 atque
1125 312 1161 378 in

148 400 182 468 id
213 421 366 487 suprema
393 400 620 489 desperatione
649 399 822 487 perductus
851 403 915 485 ast,
947 403 985 467 ut
1012 399 1161 486 turpisai·

147 510 236 556 mum
259 489 373 557 foedus
391 509 465 556 cum
484 487 694 556 Numantinis
712 489 818 556 tumre
836 491 1015 575 cogeretur.
1050 510 1160 575 qnam·
1177 497 1211 548 ¹1
1338 512 1339 515 ¹

1 629 2 658 3
148 577 199 644 uie
222 580 256 643 et
277 577 451 664 Pompeius
477 577 543 644 iam
571 576 658 644 aliud
681 597 783 663 aeque
805 577 927 643 infame
948 574 1063 644 foedus
1086 597 1161 644 cum

1 675 2 748 l
120 663 251 732 eisdem
273 664 485 732 Numantinis
507 665 607 751 paulo
630 668 706 732 ante
729 687 769 753 pe
792 665 918 752 igisset
941 669 1072 732 senatus
1095 663 1161 731 dis·

20 801 23 808 -
147 753 232 822 solui
254 752 368 821 foedus
391 757 425 820 et
448 753 635 822 Mancinum
658 751 732 821 dedi
787 753 965 821 umuntiuie
987 754 1162 841 praecepit,

1 869 2 910 i
146 844 203 928 qui
228 842 351 910 nudato
378 863 513 928 corpore
539 843 752 928 manibusque
781 847 860 928 post
887 847 1019 929 tergum
1050 843 1159 909 reuin-

146 929 209 996 otis
236 933 313 994 aute
339 933 453 1013 portae
475 927 753 996 Numantinorum
781 930 948 1015 expositus
975 931 1086 1014 ibique
1109 950 1162 994 us·

146 1036 209 1102 que
236 1015 272 1082 in
296 1020 427 1082 noctem
454 1036 602 1100 manms,
628 1037 649 1082 a
673 1015 741 1083 suis
764 1015 919 1099 desertm,
940 1015 983 1081 ab
1011 1013 1162 1083 hostibus

107 1120 134 1162 ιο
147 1106 257 1259 autep
275 1125 342 1171 non
361 1106 529 1189 emoeptue
550 1102 751 1172 lacrimabile
772 1103 918 1190 utrisque
940 1103 1162 1190 spectaculum

146 1213 225 1278 prae
249 1191 307 1259 uit

211 1281 406 1349 Exclamare
426 1280 491 1349 hoc
512 1280 585 1350 loco
608 1281 702 1350 dolor
723 1278 833 1370 erigit
869 1301 926 1348 cur
948 1279 1032 1348 fuleo
1054 1280 1198 1368 uobis,t
1347 1337 1350 1342 .

146 1369 297 1456 Romani,
319 1393 373 1438 ma
419 1393 440 1436 a
461 1371 520 1437 illa
541 1371 675 1437 nomina
696 1369 842 1437 iustitiae
865 1368 938 1437 lidei
957 1368 1160 1437 fortitudinis

147 1462 181 1526 et
202 1459 352 1527 miserico
393 1459 442 1527 'ae
460 1457 655 1526 uindicatis?
678 1481 699 1526 a
717 1457 929 1526 Numantinis
953 1456 1033 1526 haec
1052 1458 1170 1546 uerius¹

108 1563 134 1608 u
147 1546 271 1615 discite.
297 1547 486 1616 fortitudine
504 1569 586 1634 opus
603 1547 689 1615 brit?
707 1547 884 1634 pugnando
902 1547 1057 1614 uicerunt
1080 1546 1159 1615 tides
1177 1556 1195 1607 ἱ

147 1634 359 1724 exigebatur?
381 1636 548 1704 credentes
566 1634 640 1704 eliis
658 1637 833 1704 secundum
853 1655 897 1722 ee,
919 1655 1001 1722 quoe
1018 1634 1160 1703 occidere

147 1727 333 1811 potuerant,
351 1729 447 1812 paeto
464 1725 594 1794 foedere
612 1725 814 1793 dimiserunt
848 1723 976 1792 iustitia
991 1723 1196 1811 probandae

58 1843 81 1884 e.
94 1830 134 1874 m
149 1814 242 1881 erat?
273 1813 433 1899 'probauit
462 1835 535 1882 eam
564 1815 616 1882 uel
645 1815 765 1882 tacitus
795 1818 941 1900 renatus,
969 1833 1043 1881 cum
1072 1814 1159 1882 idem

145 1901 342 1969 Numantini
373 1923 433 1990 per
463 1901 590 1990 legatos
622 1924 700 1970 suos
732 1905 789 1968 aut
820 1901 1014 1969 inuiolatam
1045 1923 1160 1988 pacem

106 1990 251 2058 aceolum
279 1993 337 2058 aut
363 2013 490 2077 omnes,
516 2011 598 2078 quos
625 1991 761 2079 pignore
788 1991 877 2077 pacis
904 1993 1038 2076 accepto
1064 1991 1159 2059 uiuos

145 2079 346 2164 dimiaemnt,
358 2079 581 2166 reposcebant
610 2079 1195 2148 misericordiaeraminaudauidea
1326 2079 1330 2102 '

145 2167 267 2236 batur?
303 2167 384 2235 satis
416 2167 601 2236 documenti
631 2168 789 2236 dederunt
821 2168 874 2235 uel
907 2167 1085 2235 emittendo
1118 2167 1160 2236 ad

145 2256 249 2322 uitam
276 2255 444 2324 inimicum
471 2257 647 2324 exercitum
674 2257 726 2325 uel
753 2255 796 2324 ad
821 2277 963 2344 poenam
992 2277 1060 2325 non
1081 2255 1160 2324 reci·

145 2345 264 2431 pieudo
293 2343 490 2413 Mancinum.
534 2343 748 2413 Mancinusne
779 2365 860 2432 rogo
892 2344 1055 2412 dedanim
1085 2345 1195 2432 inito

106 2431 202 2520 “qui
234 2433 314 2501 uicti
345 2432 506 2501 exercitus
532 2433 762 2520 inpendentem
792 2433 1043 2501 trucidationem
1064 2455 1159 2520 prae·

146 2525 239 2590 tento
260 2519 402 2589 umbone
424 2522 514 2608 pacti
536 2521 676 2591 foederis
698 2521 843 2609 dispulit,
865 2523 920 2610 qui
938 2521 1160 2608 periclitantes

146 2611 272 2699 patriae
294 2610 381 2678 uires
404 2611 438 2678 in
461 2610 597 2680 meliora
618 2616 768 2698 tempora
790 2611 993 2680 reseruauit?
1036 2614 1095 2679 aut
1131 2613 1196 2679 sio

147 2699 317 2788 displicuit
351 2700 466 2770 foedus
498 2701 586 2790 quod
616 2705 749 2789 pactum
781 2705 846 2787 est,
882 2722 939 2769 cur
970 2700 1064 2768 miles
1096 2662 1160 2770 boc

146 2791 283 2880 pignore
301 2790 486 2880 redemptus
505 2795 572 2880 aut,
594 2812 668 2860 cum
690 2794 917 2879 reuerteretur,
937 2793 1087 2877 receptus
1109 2796 1161 2860 aet

106 2896 135 2942 σο
147 2887 214 2969 aut,
235 2903 310 2950 cum
327 2886 538 2969 repeteretur,
559 2882 704 2950 redditus
722 2903 787 2951 non
807 2880 879 2950 ost?
901 2886 969 2967 aut,
992 2879 1021 2949 si
1037 2881 1162 2969 placuit
1295 2880 1303 2891 “

147 2971 270 3040 seruati
292 2971 408 3039 militis
437 2971 681 3060 qualiscumque
708 2972 870 3060 pronicio,
896 2993 954 3040 cur
979 2969 1160 3059 Mancinus,
1206 2977 1229 3050 ᾗ

146 3061 204 3151 qui
225 3061 289 3131 boo
310 3060 448 3219 pepigit,
472 3061 561 3131 solus
584 3056 713 3130 deditus
736 3060 821 3130 luit?

212 3149 325 3240 Nuper
379 3173 467 3238 arro,
489 3156 528 3219 ut
548 3173 766 3242 praepropera
788 3172 899 3241 pugna
921 3149 1071 3239 iniretm,
1093 3151 1194 3220 col-t
1329 3147 1331 3154 ’

145 3241 254 3330 legam
271 3240 410 3309 Paulum
427 3241 652 3311 obluctantem
668 3241 810 3331 impulit,
830 3239 1048 3330 trepidantem
1065 3261 1159 3329 prae·

104 3346 132 3390 rr
145 3330 295 3435 cipitauit
315 3331 438 3398 exercit
523 3331 669 3402 infelices
692 3331 804 3492 copias
822 3331 908 3419 apud
925 3331 1065 3400 infames
1082 3330 1158 3400 illas

145 3417 304 3487 Romanis
322 3419 467 3489 cladibus
579 3444 616 3492 as
637 3443 706 3492 non
750 3419 890 3510 isposuit
911 3419 1083 3492 conamini
1101 3420 1159 3491 sed

145 3508 300 3594 opposuit
320 3510 434 3596 morti3
455 3511 531 3597 plus
553 3533 651 3598 quam
672 3529 721 3580 ιι.
745 3513 838 3580 milia
858 3512 906 3581 ibi
929 3512 1070 3580 militum
1092 3509 1158 3582 Ro-
