2744 3800
332 59 528 115 mvsasvu
545 59 711 116 anemos
729 60 781 115 vn
798 64 824 118 a.
844 61 880 119 a:
1005 57 1122 127 -243
1261 22 1281 118 i

111 211 188 274 tuno
210 203 384 272 infideliter
406 205 623 290 obstinatum,
653 209 691 272 ut
718 210 842 294 quanta
868 205 1043 274 multitudo
1065 207 1123 274 bo·

112 295 237 362 minum
260 298 487 380 praeparatam
510 299 649 362 mortem
671 295 824 381 euaserit,
852 317 892 363 ex
914 294 1122 362 multitudine
1264 354 1269 390 4

6 425 7 428 =
111 383 356 451 intedeotorum
365 382 506 469 piscium
515 381 693 450 disceretur
705 383 919 471 omnibusque
932 387 1124 470 notesceret,
1266 390 1277 437 ι’

112 470 189 559 quid
215 474 310 537 tanta
336 471 453 539 ueneni
480 471 582 539 moles
609 476 679 539 arte
707 476 803 540 aueta
829 493 926 560 agere
949 473 984 538 in
1005 472 1123 539 misera
1265 450 1286 508 ³..

85 561 242 629 seinata
261 561 432 648 potuisset,
450 581 533 649 quae
551 561 761 651 neglegenter
781 561 885 629 effusa
904 561 1003 629 etiam
1020 561 1123 632 mana
1267 653 1269 661 y

112 650 265 737 eorrupit

112 831 154 898 ab
184 831 335 921 Augusto
366 833 500 920 quadus
530 851 666 920 regnum
696 829 833 919 adeptus
862 836 913 900 est
941 830 1124 918 mansitque

112 922 207 989 ineo
230 920 324 989 annis
348 920 614 1009 quattuordecim.
645 922 777 991 exordio
800 921 893 1009 regni
912 922 980 989 eius
998 921 1161 1008 Petrum

26 1035 48 1078 r
60 1009 281 1098 coapostolus
299 1009 431 1078 Domini
452 1007 534 1077 llesu
553 1007 687 1096 Christi,
710 1009 848 1080 Romam
872 1009 963 1078 uenit
984 1014 1019 1079 et
1040 1011 1125 1078 salu·

75 1115 100 1156 ¹²
113 1105 216 1168 tarem
246 1099 370 1167 eunctis
400 1099 606 1167 erodentibus
635 1101 733 1167 fidem
764 1101 852 1168 fideli
885 1100 985 1167 uerbo
1016 1101 1124 1168 docuit

112 1187 410 1275 potentissimisque
446 1189 623 1256 uirtutibus
661 1189 869 1276 approbauit3
905 1193 1003 1275 atque
1038 1187 1123 1256 exim

178 741 276 808 Anno
303 739 345 808 ab
372 740 452 808 urbe
478 739 609 808 ooudita
631 757 773 810 nccxcv
795 741 945 810 Tiberius
969 738 1161 815 Claudiurn

113 1275 291 1346 Christiani
304 1274 428 1344 Romae
447 1299 518 1345 esse
536 1281 720 1364 coeperunt
757 1278 859 1345 sensit
876 1277 938 1344 lroa
956 1277 1161 1344 oonlatumt
1274 1262 1276 1272 ¹

112 1367 186 1434 fidei
205 1389 282 1434 suae
302 1365 408 1434 Roma
425 1366 625 1434 beneficium.
661 1389 829 1436 namnum
851 1365 1022 1434 interfecto
1041 1364 1125 1435 (lali-

74 1467 101 1511 ²⁸
114 1456 193 1544 gula
225 1454 328 1522 multa
360 1454 399 1522 de
433 1454 623 1543 abrogando
654 1456 791 1542 imperio
824 1477 863 1523 ao
893 1455 1058 1541 republiea
1088 1455 1125 1522 in

113 1545 280 1631 antiquum
313 1543 459 1610 ordinem
487 1543 689 1612 restituenda
720 1543 959 1630 euertendaque
994 1543 1124 1630 penitus

112 1632 287 1701 Caesarum
320 1633 474 1700 uniuersa
506 1633 633 1701 familia
666 1637 800 1700 senatus
826 1637 860 1700 et
891 1633 1040 1700 eonsules
1072 1632 1124 1701 de-

112 1723 306 1808 creuissent,
343 1720 496 1791 Claudius
526 1745 603 1791 mox
634 1727 672 1792 ut
706 1723 913 1792 confirmauit
943 1723 1162 1810 imperium‚t

112 1834 233 1903 magna
246 1817 344 1903 atque
358 1812 464 1882 adhue
474 1812 599 1883 Romae
608 1813 778 1904 inoognita
791 1835 870 1882 usus
885 1812 1065 1899 elementia,
1082 1833 1124 1881 ne

73 1919 100 1964 ω
114 1904 147 1972 in
165 1909 292 1973 tantam
311 1902 469 1974 nobilium
483 1905 722 1973 multitudinem
740 1905 832 1992 ultio,
850 1904 878 1973 si
897 1909 984 1973 osset
998 1907 1123 1993 coepta,

111 1996 266 2076 saeuiret,
294 1994 427 2063 biduum
459 1994 553 2081 illud,
584 2017 647 2082 quo
671 1994 710 2062 de
738 1993 935 2082 reipublioae
958 1997 1047 2062 statu
1074 1995 1124 2062 in·

111 2083 248 2151 telioiter
260 2085 477 2151 consultatum
492 2087 663 2171 astumque
681 2083 797 2170 luerat,
813 2082 988 2151 memoriae
1005 2084 1125 2151 exeruit
1235 2146 1246 2168 ,

112 2173 321 2260 omniumque
339 2172 498 2241 batorum
520 2172 720 2242 dictorumus
742 2173 777 2240 in
800 2194 839 2240 eo
861 2173 991 2240 ueniam
1012 2175 1047 2239 et
1069 2171 1125 2240 ob·

112 2260 266 2330 liuionem
294 2263 328 2329 in
355 2267 547 2350 perpetuum
575 2263 692 2330 sanxit
736 2262 785 2329 ita
812 2261 902 2329 illam
925 2261 1164 2349 praeclarame

73 2361 100 2407 ἥ
113 2355 147 2416 et
174 2350 333 2419 famosam
356 2350 608 2419 Atheniensium
635 2353 844 2438 amnestiam,
871 2373 968 2438 quam
995 2350 1124 2437 quidem

41 2443 44 2450 '
113 2438 236 2507 Romm
259 2439 409 2507 inducere
427 2437 511 2507 Iulio
530 2439 668 2508 Caesare
690 2439 862 2507 interiecto
885 2445 1016 2508 senatus
1036 2436 1123 2507 Oios·

113 2549 190 2595 rone
213 2527 369 2596 suadente
391 2532 619 2616 temptauerat,
642 2528 698 2596 sed
720 2528 866 2596 Antonio
888 2532 922 2595 et
943 2526 1124 2596 Octauiano

112 2619 246 2702 propter
274 2612 595 2684 ultionem'extinoti
623 2614 772 2684 (lassaris
800 2616 1061 2702 inrumpentibus
1088 2617 1124 2682 in

111 2703 246 2770 inritum
263 2708 418 2772 oessemtr
440 2703 526 2771 hano
545 2703 709 2790 Olaudius,
727 2703 877 2791 quamuis
895 2705 999 2772 multo
1017 2707 1123 2770 tmou·

72 2790 250 2861 »lentiore
277 2813 377 2860 eausa
402 2793 437 2859 in
459 2792 589 2860 eaedem
612 2792 871 2879 oonspiratorum
893 2792 1124 2875 stimularetur,

111 2879 261 2950 ultronea
290 2881 463 2950 elementia
490 2881 581 2950 nullo
611 2885 781 2970 expetente
809 2879 962 2948 firmauit
1007 2879 1162 2948 aooidits

112 2971 211 3038 etiam
238 2970 352 3039 eodem
378 2976 446 3039 tem
490 2994 526 3040 re
577 2969 736 3040 raesentis
763 2970 890 3074 getiae
912 2968 975 3038 Dei
1002 2969 1124 3059 grande

112 3057 316 3125 miraculum:
352 3057 511 3146 siqudem
593 3059 660 3126 rius
692 3056 849 3126 Gamrllus
882 3057 1124 3141 Soribonianus,

111 3141 295 3213 Dalmatiae
316 3146 454 3234 legatus,
476 3146 598 3214 bellum
616 3147 710 3216 oiuile
728 3146 862 3213 molitus
878 3145 1026 3233 legiones
1044 3145 1124 3212 rnul-

71 3245 98 3287 π
110 3233 162 3296 tas
175 3231 433 3321 fortissimasque
447 3235 488 3302 ad
501 3235 698 3303 saanmenti
711 3235 926 3302 mutationem
938 3234 1123 3322 pellexerat

26 3339 47 3378 s
59 3333 99 3374 aas
111 3315 222 3403 itaque
244 3319 296 3388 die
318 3322 409 3407 dato,
433 3326 473 3389 ut
497 3324 533 3389 in
560 3322 671 3391 uinum
692 3323 834 3427 undique
857 3323 898 3390 ad
919 3345 1042 3391 nouum
1063 3321 1122 3388 im·
1140 3331 1161 3386 τ

111 3408 292 3488 peratorem
321 3410 562 3497 conueniretur,
589 3432 693 3500 neque
720 3411 849 3500 aquilae
878 3411 988 3480 ornari
1017 3431 1121 3500 neque

909 3513 963 3574 w
