2744 3800
106 341 241 412 eruciari
263 339 437 428 imperauit
456 341 627 429 ipsumque
644 363 763 409 nomen
782 341 962 428 exstirpare
980 346 1115 409 conatus

105 429 311 498 beatissimos
334 426 458 496 Christi
487 429 656 516 apostolos
684 429 816 496 Petrum
844 452 951 516 omos,
979 429 1115 498 Paulum

184 519 191 534 .
310 517 318 534 .
345 516 352 534 ·
679 518 686 533 .
794 518 802 534 .
968 519 976 536 .
1003 519 1010 534 .
1248 493 1269 564 l

105 517 407 695 {ethela
430 523 1116 696 elmanensem
1133 531 1164 583 ²¹
1249 571 1255 702 ς
1267 621 1271 632 -

79 705 260 766 tantumno
289 701 386 765 muta
413 697 488 765 urbi
509 697 698 784 pestilentia
726 697 886 782 incubuit,
914 705 952 765 nt
980 699 1116 786 higiuta
1251 746 1254 760 .

104 787 195 856 milia
217 785 365 853 funerum
383 786 417 852 in
436 787 597 854 rationem
617 785 780 854 Libitinae
799 787 957 854 uenirent.
989 785 1116 854 Britan·
1255 850 1257 866 ,

105 877 179 944 niue
205 875 320 942 deinde
348 874 456 942 eludes
479 896 496 941 e
519 875 661 964 uestigio
684 875 815 960 aeoidit,
842 897 907 963 qua
932 875 996 943 duo
1024 898 1115 962 prae·
1191 941 1192 944 ,
1251 881 1259 935 ἐ

105 967 200 1052 oipua
213 963 334 1052 oppida
348 985 467 1052 magna
479 963 599 1032 oinium
618 964 843 1052 sociorumque
861 963 951 1032 elude
969 969 1003 1031 et
1020 964 1117 1032 caede

105 1055 232 1140 direpta
253 1057 339 1120 sunt
385 1059 553 1139 praeterea
578 1054 614 1120 in
641 1054 766 1121 oriente
788 1054 917 1141 magnis
941 1053 1114 1120 Armeniae
1135 1063 1169 1116 ιι
1265 1083 1268 1094 =

67 1141 280 1229 ¹⁰pmuinoiis
308 1141 439 1209 amissis
461 1141 629 1210 Romanae
652 1142 797 1229 legiones
820 1142 1016 1228 subiugum
1039 1141 1116 1208 Por·
1256 1175 1260 1224 ς
1338 1163 1339 1172 ’

104 1233 227 1299 thioum
257 1229 436 1310 missee,a
515 1253 576 1318 que
600 1227 696 1317 Syria
722 1236 851 1298 retente
873 1235 933 1299 est
978 1231 1116 1298 iudeis
1220 1294 1222 1298 ,
1338 1261 1339 1328 p

89 1325 170 1388 'tres
189 1319 296 1405 urbes,
313 1319 375 1387 hoo
394 1324 446 1386 est
491 1319 617 1388 aodioia
630 1319 814 1408 Hierapolis
829 1319 992 1407 Colossae,
1010 1325 1117 1386 terrm
1260 1329 1263 1392 ζ
1338 1369 1339 1390 ,

105 1413 194 1475 motu
223 1408 440 1475 ooneiderunt
489 1413 525 1475 ut
551 1431 629 1475 uero
657 1405 744 1475 Nero
771 1414 944 1495 postquem
974 1409 1112 1475 Galbam
1133 1419 1167 1471 ιε

104 1497 139 1562 in
162 1495 323 1581 Hispania
345 1497 575 1581 imperatorem
597 1501 743 1562 ereetum
767 1497 809 1562 ab
832 1497 972 1563 exereitu
995 1517 1116 1582 eogno-
1206 1545 1210 1551 -
1338 1523 1339 1542 ¹

66 1594 92 1637 ¹⁸
105 1585 163 1669 uit,
185 1586 274 1650 totus
297 1582 406 1650 animo
429 1605 468 1651 ao
490 1607 547 1670 spe
570 1585 720 1652 considit
755 1603 892 1671 eumque
914 1583 1116 1650 incredibilia

105 1670 351 1756 perturbandae,
373 1671 472 1738 immo
496 1671 699 1739 subruendae
722 1672 917 1756 reipublicae
940 1673 1026 1738 mala
1048 1694 1115 1738 mo·

105 1759 231 1840 litetur,
258 1756 364 1824 hostis
388 1780 409 1824 a
431 1765 546 1825 senatu
569 1759 799 1845 pronuntiatus
822 1765 856 1825 et
878 1759 1115 1845 ignominiosis·

106 1843 670 2020 {lttllltttlltzlhtl
685 1846 1023 2001 lhlllthl:
1039 1846 1115 2000 ll

272 1982 281 2017 1

33 2031 93 2166 A:
106 2025 341 2176 sumptpngetgb
365 2109 444 2176 urbe
466 2110 599 2177 condita
620 2125 812 2176 ncccxxnn
830 2109 936 2177 Galba
954 2108 1039 2196 apud
1059 2108 1152 2176 lli-8

106 2197 237 2286 spanias
268 2198 440 2284 usurpauit
470 2197 650 2286 imperium.
700 2199 754 2286 qui
786 2219 876 2284 mox,
907 2201 945 2265 ut
975 2197 1117 2266 Neronis

105 2293 244 2354 mortem
267 2287 428 2373 conperit,
454 2287 593 2355 Renum
617 2289 719 2372 uenit3
745 2310 881 2375 eumque
905 2309 1018 2357 omues
1041 2310 1116 2355 aua·

104 2375 180 2442 ritis
216 2376 354 2443 saeuitia
388 2377 592 2466 segnitiaque
628 2376 819 2464 offenderet,
859 2375 1011 2444 Pisonem
1052 2377 1116 2444 sibi

66 2476 92 2517 ¹⁶
105 2465 249 2531 nobilem
277 2465 534 2553 industriumque
562 2465 800 2534 adulescentem
827 2466 863 2533 in
885 2467 994 2533 'lilium
1017 2471 1116 2553 atque

104 2552 139 2619 in
162 2573 298 2642 regnum
321 2553 503 2642 adoptauit:
526 2578 599 2622 oum
618 2576 683 2641 quo
701 2555 840 2643 septimo
858 2575 970 2623 mense
986 2555 1114 2644 imperii

107 2643 156 2708 sui
179 2644 221 2709 ub
244 2642 374 2712 Othone
396 2645 564 2732 iugulatus
587 2650 646 2711 est

171 2731 246 2800 huit
269 2733 375 2800 Roma
395 2734 547 2802 caedibus
569 2733 751 2822 principum
774 2733 985 2822 excitatisque
1008 2733 1152 2802 ciuili-u

105 2820 164 2886 bus
188 2821 281 2888 bellis
309 2827 454 2889 recentes
477 2823 682 2890 Christianae
709 2821 878 2908 religionis
906 2823 1055 2908 iniurias,
1081 2829 1116 2890 et

65 2919 93 2963 ¹⁰
106 2909 202 2996 signu
223 2909 281 2977 illa
303 2911 479 2996 legionum,
501 2932 583 2998 quae
602 2911 662 2978 sub
681 2911 823 2976 aduentu
841 2911 875 2976 in
894 2911 1008 2978 urbem
1026 2911 1114 2978 Petri

104 2998 243 3083 apostoli
272 2997 430 3067 diuinitus
459 3000 625 3080 oohereita
655 2999 792 3066 conuelli
821 2999 912 3066 nullo
943 2999 1115 3067 modoad

105 3087 311 3154 excitandum
334 3089 429 3156 ciuile
451 3087 573 3155 bellum
596 3087 778 3172 uoluerant,
800 3088 886 3174 quod
908 3109 966 3176 per
988 3087 1115 3158 Scribo·

104 3173 238 3240 nienum
261 3177 448 3262 parabatur,
468 3175 567 3244 Petro
585 3177 619 3243 in
638 3177 718 3244 urbe
736 3174 908 3244 interfecto
927 3181 960 3244 et
978 3175 1114 3246 Christi·

105 3261 177 3328 anis
200 3283 378 3348 poenarum
401 3264 591 3332 diuersitate
614 3264 745 3332 laniatis
763 3268 835 3331 toto
858 3286 894 3332 se
912 3265 990 3332 orbe
1009 3265 1116 3332 solue·

65 3353 189 3413 “mut
234 3349 273 3414 de
300 3350 460 3435 Hispania
487 3353 644 3440 siquidem
673 3353 749 3419 ilioo
778 3351 885 3420 Galba
916 3358 1154 3438 surrexerut38

105 3451 169 3575 iim
187 3454 263 3532 mox
281 3457 436 3536 oppfesso
454 3438 541 3504 Otho
560 3439 693 3518 Romae,
707 3439 860 3508 Vitellius
878 3442 912 3508 in
930 3439 1115 3526 Germanis,

138 3533 327 3597 espessanus
345 3541 380 3583 un
416 3523 489 3606 yria
507 3522 644 3608 imperia
662 3526 758 3591 simul
777 3532 874 3612 atque
893 3548 984 3594 arma
1000 3547 1115 3614 rapue-

1241 121 1254 159 ,Ι
1275 109 1279 131 .

335 198 531 253 invenem
549 199 714 254 eeoeuos
733 199 786 253 vn
805 203 830 257 e.
848 183 889 256 ej
1049 197 1113 264 247
1241 140 1281 276 ’ξι
