2806 3788
312 107 507 161 anunnsvu
524 108 690 162 rsosuos
708 109 751 174 111
771 111 883 165 rs-rs.
1058 105 1099 172 81
1158 107 1159 112 '

92 251 534 407 t‘fttd'tcstttt
546 251 742 407 derit
755 251 1106 406 {restitute}

94 359 210 494 malsog
208 425 322 492 ordine
345 427 513 512 sequentis
536 426 697 511 suspendo
721 427 900 513 paulisper,
928 427 1021 492 utin
1044 426 1106 492 hoc

94 517 165 580 loco
188 535 248 598 pro
270 513 499 579 conuenientia
521 518 705 598 temporum
728 513 877 580 Romana
899 513 1066 579 subiciam.

54 618 68 663 s
160 601 257 666 Anno
276 601 318 666 ab
341 601 420 666 urbe
439 600 571 666 condita
588 615 762 668 ccccxxvl
782 599 944 666 Caudinos
961 599 1140 666 surculus

94 688 176 755 satis
207 687 350 754 celebres
382 693 416 752 et
444 687 588 754 iamosas
615 687 753 774 insignis
781 685 1002 753 Romanorum
1030 685 1107 752 iecit

94 776 238 843 infamia
274 796 352 841 nam
371 796 444 842 oum
464 777 629 860 superiore
645 775 732 841 bello
745 775 863 862 uiginti
878 775 968 840 milia
981 771 1106 840 Samni·

93 870 164 928 tum
183 861 285 928 Fabio
308 863 468 950 megistro
491 864 636 948 equitum
658 884 802 949 pugnarn
821 865 1011 928 conserente
1030 861 1109 928 ceci·

94 951 231 1036 dissent,
261 950 541 1036 circumspectiore
568 971 646 1017 cura
668 949 830 1018 Samnites
860 972 898 1016 ac
925 971 979 1015 ma
1004 949 1030 1016 ‘s
1058 949 1108 1015 in-

54 1045 217 1107 restructo
240 1061 281 1125 ap
305 1045 399 1107 aratu
422 1038 508 1127 spud
526 1037 691 1107 Caudinas
713 1019 858 1106 furcula}
878 1059 957 1105 cons
998 1040 1107 1125 arunt,

24 1129 151 1195 ¹neubi
179 1151 252 1194 eum
278 1062 457 1194 uictoriam
479 1133 513 1194 et
535 1126 739 1194 Postumium
761 1127 910 1194 consules
933 1145 1108 1212 omnesque
1126 1135 1144 1189 s

95 1217 206 1303 copias
228 1216 451 1284 Romanorum
478 1217 640 1304 angustiis
667 1217 811 1282 locorum
836 1215 999 1302 nmisque
1021 1215 1109 1282 clau·

95 1306 223 1391 sissent,
241 1305 377 1374 Pontius
395 1305 459 1372 dux
479 1328 590 1374 eorum
609 1305 641 1374 in
660 1311 788 1373 tantum
808 1307 928 1373 abusus
942 1308 993 1371 est
1004 1303 1107 1372 nicto·

94 1397 162 1465 rice
181 1397 365 1486 securitate,
381 1400 420 1465 ut
435 1395 636 1465 Herennium
654 1400 781 1485 putrem
799 1394 1032 1464 consulendum
1049 1417 1106 1482 pu·

55 1491 323 1572 accrescimus
346 1487 506 1556 occideret
529 1489 657 1557 clausos
680 1509 723 1555 an
745 1491 893 1574 parceret
910 1485 1108 1574 subiugatis:

94 1581 132 1642 nt
154 1578 248 1642 uiuos
271 1580 381 1642 tamen
405 1576 554 1643 dedecori
576 1581 767 1660 reseruaret,
789 1576 898 1662 elegit
942 1573 1144 1641 Romanost

96 1664 179 1730 enim
199 1669 296 1731 antea
315 1665 504 1749 saepissime
522 1664 609 1731 uinci
628 1668 662 1731 et
680 1662 792 1744 occidi,
810 1684 985 1748 numquam
1000 1666 1107 1728 antem

94 1752 773 1928 tritt,'itttt'tttdtt‘ttt
789 1751 971 1909 Stetit
989 1749 1144 1908 itit*

53 1945 81 1988 ro
94 1949 173 1994 num
199 1930 337 2014 turpiter
358 1934 491 2014 captum
514 1931 615 1996 ermis
638 1931 737 1996 etiam
760 1929 963 1995 uestimentis
987 1950 1027 1994 ne
1050 1949 1108 1994 nu·

93 2014 215 2101 datum,
237 2020 366 2083 tentum
384 2017 523 2104 singulis
541 2017 711 2084 uilioribus
731 2017 940 2103 operimentis
958 2041 978 2082 o
1020 2036 1108 2082 uere·

93 2104 197 2171 conda
217 2126 389 2192 corporum
408 2105 548 2194 tegenda
566 2105 738 2193 concessis,
761 2106 822 2172 sub
841 2106 953 2193 iugum
972 2105 1107 2172 missurn

92 2193 291 2279 seruitioqoe
315 2194 504 2276 subiectum,
526 2195 661 2280 longum
684 2215 782 2280 agere
800 2216 940 2280 pompas
959 2195 1106 2261 ordinem

91 2285 338 2367 praeceperunt.
382 2283 539 2348 sescentis
568 2287 676 2348 autem
705 2281 867 2368 equitibus
890 2281 1046 2349 Romanis
1070 2283 1141 2348 ins

53 2369 278 2436 esobsidstum
305 2369 444 2455 receptis
471 2373 621 2436 oneratos
648 2369 840 2457 ignominis,
867 2371 982 2437 ceteris
1004 2371 1102 2437 rebus

92 2479 211 2526 uacuos
235 2458 386 2526 consules
409 2457 611 2526 remiserunt.

158 2545 242 2626 Quid
266 2547 305 2614 de
324 2547 551 2635 exaggeranda
567 2547 664 2616 huius
682 2547 862 2617 foedissimi
881 2545 1017 2616 iocderis
1036 2571 1103 2616 ma·
1124 2559 1139 2612 r

92 2634 164 2703 culs
181 2637 291 2704 uerbis
309 2635 463 2722 laborem,
481 2636 537 2724 qui
550 2641 658 2705 tacere
672 2637 884 2705 maluissem?
905 2637 1003 2706 hodie
1017 2639 1104 2706 enim

92 2723 232 2792 Romani
254 2730 312 2793 ant
329 2725 462 2793 omnino
481 2746 549 2793 uon
567 2732 677 2794 essent
694 2730 752 2793 aut
766 2725 899 2794 Samnio
917 2726 1106 2796 domicenio

54 2815 265 2900 sesomireut,
288 2815 317 2882 si
339 2815 435 2882 iidem
459 2812 610 2900 ioederis,
632 2838 729 2902 quam
753 2815 816 2883 sibi
840 2817 962 2884 seruari
986 2840 1007 2885 a
1029 2817 1106 2885 sub-

91 2902 183 2973 iectis
206 2905 329 2991 uoiunt,
352 2903 417 2992 ipsi
440 2905 578 2973 subiecti
600 2903 803 2974 Samnitibus
826 2907 1055 2976 seruauissent.

156 2993 342 3063 Posteriore
364 3016 450 3063 anno
472 2995 659 3086 infringunt
681 2995 821 3064 Romani
843 2997 1006 3065 firmatam
1028 3007 1138 3066 cume

92 3081 292 3156 Samnitibus
314 3083 499 3176 pactionem
521 3107 641 3177 eosque
662 3087 698 3156 in
720 3085 840 3156 bellum
863 3091 995 3178 cogunt,
1018 3087 1103 3178 qnod

91 3173 222 3265 Pspirio
246 3175 377 3246 consule
400 3176 572 3246 insistente
590 3177 800 3247 commissum
818 3199 956 3267 magnas
974 3185 1103 3270 strages

51 3281 77 3326 υ
89 3269 258 3357 utriusque
275 3267 388 3354 populi
407 3267 503 3337 dedit
534 3268 702 3337 cumhinc
720 3270 770 3335 ira
787 3269 928 3337 recentis
941 3269 1102 3358 infamiae,
1120 3281 1137 3336 s

89 3355 163 3426 inde
186 3355 291 3446 gloria
312 3357 479 3444 proximae
495 3357 653 3426 uictoriae
671 3359 857 3446 pugnantes
875 3357 1103 3448 instimularet,

88 3447 221 3515 tandem
247 3445 387 3514 Romani
415 3445 626 3536 pertinaciter
655 3447 823 3517 moriendo
853 3449 1013 3537 niceront3
1043 3471 1104 3519 nec

140 3560 245 3603 Ossam
259 3567 298 3599 nn.
312 3557 511 3605 laesurum.
925 3557 941 3608 d
