2826 3784
393 165 589 221 manassis
607 165 773 221 ricinos
790 165 816 220 v
834 168 877 221 rs.
897 167 941 220 ra
1107 161 1172 230 169

164 309 302 379 inlectos
324 329 397 378 cum
419 309 542 397 placito
564 309 692 398 explere
714 331 781 378 non
803 313 929 397 posset,
950 307 986 378 in
1008 331 1099 376 arma
1122 329 1174 376 er·

163 399 286 466 citauit
332 420 372 466 eo
394 399 539 484 accessit,
560 402 599 466 ut
620 403 778 465 maestam
796 399 910 466 urbem
932 396 1081 485 prodigia
1102 397 1211 465 diras

162 490 332 552 terrerem
367 507 444 553 nam
467 487 527 553 sub
551 491 625 554 ortu
647 486 725 553 solis
748 486 866 573 globus
888 486 976 572 ignia
999 507 1020 551 a
1041 485 1176 571 regions

163 573 395 661 septentrionis
418 595 490 641 oum
509 575 650 640 maximo
668 573 748 640 caeli
766 573 896 660 fragore
914 572 1054 640 emicuit
1089 571 1176 659 apud
1193 585 1212 638 t

136 661 334 728 sensum·
356 682 429 728 curn
451 681 552 747 panes
574 682 633 748 per
654 661 808 729 conuiuia
824 660 1059 748 frangerentur,
1081 681 1177 727 crnor

164 748 321 816 emediis
342 747 483 834 panibus
506 747 598 834 quasi
621 770 661 815 er
679 749 868 815 uulneribus
887 768 1057 834 corporum
1074 745 1178 813 tlnxit
1308 813 1311 819 ,

163 841 333 925 praeterea
359 858 418 923 per
444 840 568 922 septem
591 837 762 904 continuos
785 836 853 904 dies
876 835 1000 923 grando
1021 833 1214 922 lapidums

163 925 310 994 inmixtis
332 925 433 992 etiam
455 929 613 992 maurum
635 925 843 1014 mentis,
869 929 991 992 terram
1017 923 1178 991 latissime

164 1015 357 1082 uerberauit
379 1012 1038 1082 indemnitibosuastissimotcrraehiatn
1047 1013 1179 1080 flamma

124 1120 152 1163 ss
164 1103 315 1190 prorupit
341 1105 375 1170 st
401 1124 503 1189 usque
531 1101 565 1169 in
592 1102 717 1170 caelum
745 1101 875 1169 extendi
902 1101 975 1169 nisa
996 1105 1055 1169 eet
1100 1109 1215 1170 con-s

165 1192 276 1278 plures
307 1195 477 1277 praeterea
509 1191 544 1258 in
576 1191 695 1258 itinere
725 1191 836 1257 uidere
866 1188 1008 1257 Romani
1044 1189 1178 1277 globum

164 1279 283 1348 coloris
316 1279 404 1346 aurei
436 1279 527 1346 caelo
559 1279 600 1345 ad
635 1283 757 1346 terram
793 1277 924 1347 donnini
959 1279 1178 1364 maioremque

163 1368 289 1435 iactum
316 1389 429 1434 rursus
457 1371 588 1434 aterna
609 1369 645 1434 in
668 1367 806 1434 sublime
828 1366 871 1434 ad
894 1367 1051 1435 orientem
1074 1366 1177 1434 solem

163 1456 242 1524 terri
265 1477 303 1522 ac
321 1455 544 1542 magnitudine
563 1477 624 1522 sua
639 1455 748 1541 ipsum
766 1455 870 1523 solem
888 1453 1062 1522 obtexisse
1092 1453 1213 1522 Dru-t
1360 1495 1361 1498 κ

124 1561 151 1604 ¹⁵
164 1567 221 1612 ana
252 1543 355 1611 tantis
386 1543 484 1610 malis
515 1543 631 1610 anxius
662 1543 752 1612 domi
782 1565 860 1611 auae
891 1543 1016 1611 incerto
1048 1541 1179 1630 quidem

75 1661 97 1701 n
111 1649 151 1693 ιω
165 1637 297 1701 auctore
318 1631 508 1700 interiectus
532 1629 598 1701 lest

231 1719 338 1809 Igitur
363 1721 512 1788 Picentes
539 1719 668 1790 Vestini
694 1719 795 1788 Marsi
821 1719 971 1809 Paeligni
1001 1717 1216 1789 Marrucinis
1359 1727 1362 1743 ·

46 1817 69 1886 ¹,
166 1807 331 1878 Samnites
362 1808 486 1877 Lucani
517 1831 592 1877 cnm
629 1808 734 1877 adhuc
769 1811 931 1878 occultem
967 1807 1180 1877 deiectionem

164 1899 413 1984 meditarentur,
440 1896 475 1965 0.
499 1895 648 1964 Seruium
675 1903 873 1984 praetorem,
901 1898 1047 1985 legatum
1073 1897 1116 1965 ed
1144 1919 1180 1965 se

124 2002 152 2045 so
165 1987 315 2070 missum,
345 1985 432 2070 apud
461 1985 837 2056 Asculumocciderunt
865 2007 882 2052 s
917 1985 1040 2140 Ἕω
1069 1985 1181 2053 clausa

165 2073 299 2141 ciuitate
327 2094 440 2138 omnes
467 2075 556 2140 ciues
582 2072 750 2140 Romanos
776 2073 900 2141 indicta
1005 2094 1023 2139 e
1052 2073 1181 2160 iugula·

164 2163 251 2227 runt
302 2159 456 2226 continuo
488 2161 727 2228 atrocissimam
757 2161 933 2246 perniciem
962 2159 1217 2228 infamissimae

165 2268 371 2335 praecessere
393 2247 553 2336 prodigia.
597 2269 739 2334 namque
762 2249 907 2315 omnium
930 2269 1087 2336 generum
1110 2247 1179 2315 ani·

164 2335 279 2422 malia,
311 2356 394 2422 quae
425 2357 541 2403 manua
571 2334 743 2404 hominum
774 2337 893 2404 blande
924 2337 1050 2424 perpeti
1081 2341 1180 2424 atque

127 2425 253 2491 uinter
283 2423 432 2491 homines
465 2424 575 2492 uiuere
606 2425 703 2492 solita
739 2431 847 2511 erant,
882 2425 1005 2492 relictis
1041 2425 1180 2494 stabulis

164 2513 601 2669 disteterit
627 2513 1179 2671 'finisti‘ttzlfi'tstl

164 2623 300 2759 datdias
323 2694 376 2759 eat
396 2623 753 2760 mmqnomiffiso
774 2713 842 2759 non
862 2623 969 2780 pdssd,
993 2625 1175 2761 liciimosis

165 2779 345 2848 ululatibus
371 2779 448 2868 uagi
476 2779 627 2866 luporum
653 2780 719 2847 ritu
748 2779 950 2848 oberrarunt
993 2780 1096 2867 igitur
1117 2777 1176 2848 (ln.
1196 2791 1234 2847 ιο

124 2885 152 2929 ω
164 2868 339 2956 Pompeius
357 2872 489 2955 praetor
502 2889 575 2937 cum
588 2867 777 2936 Picentibus
794 2869 886 2936 iussu
904 2872 1038 2937 senatum
1056 2870 1179 2937 bellum

189 2959 269 3027 assit
295 2963 329 3026 et
350 2959 458 3027 uictus
481 2963 544 3046 est,
571 2965 747 3047 postquam
769 2957 833 3026 sibi
855 2955 1019 3027 Samnites
1040 2955 1179 3048 Papium

199 3049 319 3117 utilum
341 3047 570 3136 imperatorem
592 3049 825 3136 praefecerant,
847 3045 948 3116 Mami
965 3052 1075 3117 autem
1091 3051 1180 3138 Aga·

164 3159 372 3293 lamet?
384 3131 618 3295 illicit
630 3136 1178 3296 ffipiiffliltffln‘iii‘
1195 3161 1230 3213 ¹¹

125 3329 152 3372 sc
166 3313 279 3380 consul
301 3247 689 3401 Mardumgnpropinqunm
712 3248 841 3382 ιιιιιὲιιῑ
902 3319 974 3381 tum
997 3315 1096 3383 sicil
1139 3251 1179 3385 iii

166 3419 262 3484 quem
285 3398 419 3465 adsidue
441 3409 700 3470 ammonentem
723 3423 849 3469 morem
939 3403 1091 3482 ontilern
1122 3427 1178 3473 ore

165 3487 200 3550 st
210 3483 377 3571 paulisper
388 3484 423 3550 in
436 3487 552 3554 castris
565 3488 706 3556 axmosri
719 3487 858 3557 militem
872 3494 1021 3578 oportere
1029 3491 1179 3582 tironem,
