2714 3788
318 115 516 171 sornam
533 115 698 173 erueres
717 119 770 171 vn
787 120 830 173 ss.
850 121 894 173 or.
1038 115 1103 182 279

32 251 35 256 “
89 257 300 324 sterilitatem
326 256 700 343 perioulosissimamque
727 262 914 344 serpentum
939 258 1103 325 abundan-

87 343 169 412 tiam
191 345 396 412 eonnersatio
413 342 559 411 humana
579 366 646 412 nou
668 349 790 433 nosset,
812 367 933 432 magna
954 345 1104 412 hubitan-

86 432 171 499 tium
190 431 425 499 monaohorunu
443 431 620 499 multitudo
639 433 868 518 compleuerat
898 433 963 500 huo
980 431 1102 500 tribuni
1120 447 1139 496 o

87 525 121 586 et
143 521 264 587 milites
286 518 388 606 missi,
409 519 466 607 qui
488 524 618 588 sanctos
642 541 680 588 eo
698 542 793 588 ueros
812 521 934 588 milites
952 519 1015 590 Dei
1034 521 1100 588 alio

58 609 215 677 euomino
238 608 472 696 perseeutionis
495 609 729 676 abstraherent
764 608 938 677 interserta
956 616 1034 677 sunt
1049 611 1096 677 ibi

163 698 219 765 ina
244 699 350 765 multa
376 702 573 767 sanctornm.
618 719 701 785 quue
728 704 838 766 autem
865 720 924 787 per
951 699 1135 767 diuersast

83 718 202 944 lle:
220 787 406 943 utut:
428 785 481 942 t·
494 787 1098 964 rgo,

84 965 165 1031 satis
189 964 408 1052 signifieatum
430 965 503 1051 ipsa
524 963 682 1032 reticendi
704 965 861 1032 electione
884 965 1034 1033 sullioiat

45 1067 72 1110 1⁰
151 1051 279 1120 Interea
305 1051 340 1120 in
362 1050 495 1121 Africus
521 1053 670 1138 partibus
693 1051 821 1121 Firmus
849 1074 919 1120 sese
948 1051 1135 1121 excitatisu

84 1139 273 1208 Maurorum
291 1142 444 1230 gentibus
463 1161 574 1298 regem
591 1141 793 1209 constituens
807 1141 954 1210 Airioam
972 1141 1099 1209 Maure·

84 1231 272 1318 tantamque
301 1229 460 1317 uastauit3
517 1251 684 1298 aesaream
713 1231 829 1298 urbem
857 1229 1098 1299 nobilissimam

83 1317 307 1388 Mauretaniae
321 1320 397 1389 dolo
416 1325 555 1408 ceptam,
573 1319 688 1388 deinde
707 1319 859 1388 coedibus
877 1319 1097 1407 ineendiisque

85 1410 271 1497 eonpletam
297 1409 445 1478 barbaris
473 1411 508 1478 in
535 1409 690 1496 praedem
716 1409 813 1477 dedit
856 1410 960 1498 igitur
989 1424 1135 1479 oomeso

44 1513 71 1560 rs
84 1497 295 1585 rtheodosius,
316 1498 491 1568 Theodosii
514 1499 570 1586 qui
588 1503 665 1586 post
680 1499 818 1587 imperio
836 1499 981 1587 praefuit
996 1503 1098 1586 puter,

84 1609 105 1655 a
121 1586 352 1657 Valentiniano
372 1589 491 1656 missus
510 1588 628 1656 effusas
646 1585 836 1656 Maurorum
853 1593 967 1677 gentes
986 1586 1097 1655 multis

83 1678 218 1765 proeliis
240 1677 348 1766 tregit,
370 1678 477 1766 ipsum
499 1677 645 1746 Firmum
669 1677 826 1745 afflictum
850 1681 884 1746 et
904 1698 1098 1764 oppressum

84 1767 193 1853 ooogit
217 1766 259 1832 ad
287 1769 435 1834 mortem
479 1771 557 1850 post
583 1787 656 1832 enm
684 1765 963 1852 experientissima
990 1766 1133 1852 proni-r

84 1853 198 1922 dentis
218 1858 324 1923 totam
347 1875 421 1922 oum
443 1853 647 1922 Mauretania
671 1855 816 1922 Airioam
839 1853 1008 1922 meliorem
1034 1853 1100 1941 pri·

16 1959 65 2005 sn
83 1943 180 2011 stinis
208 1943 416 2028 reddidisset,
446 1944 671 2011 instimulante
699 1948 733 2011 et
759 1941 946 2030 obrepeulte
974 1943 1098 2011 inuidia

42 2050 69 2094 u
83 2033 191 2100 iussus
207 2031 355 2117 interfici,
372 2032 459 2119 apud
473 2029 705 2120 Carthaginem
722 2031 883 2118 baptisari
901 2031 936 2099 iu
954 2031 1098 2099 remissi·

69 2143 180 2190 ouem
199 2125 407 2208 peooutorum
429 2121 639 2209 praeoptauit
661 2143 699 2189 ao
721 2125 897 2209 postquam
916 2142 1097 2189 saoramen·

82 2217 154 2280 tum
177 2207 300 2278 Christi
322 2211 409 2299 quod
432 2211 617 2299 quaesierat
640 2210 812 2279 edseoutus
835 2215 898 2298 est,
925 2215 1002 2298 post
1029 2210 1097 2299 glo·

83 2301 205 2371 riosam
218 2301 338 2369 soeouli
351 2301 457 2370 uitam
470 2303 569 2372 etiam
587 2301 627 2369 de
645 2301 735 2370 uitas
753 2300 946 2370 aeternitate
964 2323 1097 2370 seourus

44 2391 267 2480 nperoussori
289 2390 438 2479 iugulum
459 2393 546 2460 ultro
569 2392 729 2478 praebuit
1012 2402 1015 2411 '

152 2478 329 2549 Gratianus
351 2481 476 2550 interea
493 2483 671 2569 imperator
688 2480 863 2548 odmodum
881 2479 1007 2549 iuuenis
1027 2501 1100 2549 oum
1121 2494 1141 2549 s

85 2570 359 2639 inaestimabilem
373 2569 613 2640 multitudinem
627 2571 772 2639 hostium
786 2571 943 2640 Romanis
959 2571 1101 2640 infusam

85 2661 204 2728 tinibus
227 2666 384 2747 cerneret,
412 2661 515 2729 fretus
539 2658 665 2729 Christi
686 2660 851 2748 potentia,
872 2661 972 2749 longe
993 2659 1101 2749 inpari

85 2749 228 2818 militum
259 2772 395 2820 numero
428 2772 498 2820 sese
530 2751 567 2820 in
596 2751 727 2820 hostem
759 2748 850 2818 dedit
880 2755 915 2818 et
945 2751 1100 2819 eontinuo

45 2860 73 2905 se
87 2839 174 2930 apud
196 2840 436 2930 Argenhrium,
454 2841 608 2929 oppidum
625 2839 805 2908 Galliarum
837 2838 1104 2909 formidulosissi-

86 2953 177 3000 mnm
204 2931 329 2999 bellum
350 2930 530 3000 inoredihili
553 2931 709 2999 ielioitete
732 2891 882 2999 oondeoit
926 2953 1004 2998 nem
1026 2929 1101 3018 plus

86 3044 185 3109 quam
212 3021 351 3109 triginta
378 3020 472 3088 milia
494 3020 752 3089 Alamannorum
782 3019 919 3088 minimo
942 3021 1104 3089 Romano·

86 3132 159 3178 rum
182 3109 374 3178 detrimento
397 3111 432 3178 in
455 3131 495 3178 eo
517 3109 642 3196 proelio
665 3107 837 3177 interieotn
858 3114 1044 3178 narrantur.

153 3198 264 3268 Tertio
291 3197 417 3268 deoimu
446 3204 556 3267 autem
584 3220 672 3267 anuo
695 3199 824 3288 imperii
847 3196 1013 3286 Valentis,
1039 3199 1142 3266 hoot

46 3307 74 3353 es
87 3293 139 3357 eet
166 3309 269 3375 paruo
302 3293 449 3377 tempore
480 3291 597 3378 postea
627 3311 727 3379 quam
756 3287 878 3357 Valens
910 3309 969 3376 per
997 3292 1105 3357 toturn

89 3376 247 3444 orientem
260 3377 471 3446 eoolesiurum
489 3379 703 3448 luoerationes
722 3383 973 3484 sanctorumque
987 3376 1100 3448 oaedes

87 3467 210 3550 egerat,
232 3463 327 3560 rodin
348 3463 406 3531 illu
427 3466 631 3535 miseriarum
652 3469 839 3548 nostorum
856 3468 1100 3556 eopiosissimas
