2744 3800
53 116 57 157 l

52 169 57 228 l

53 229 58 258 ι

53 271 57 290 s

52 394 57 420 l

216 165 312 262 ¹250
493 197 602 252 novur
620 199 743 252 oaosu
759 199 1008 253 meromsnvu

243 361 304 426 per
324 344 430 407 totum
452 339 564 408 orbern
587 341 747 407 uberrime
770 341 983 428 germinante,
1005 340 1067 408 hoc
1090 345 1258 428 umquam

245 427 375 494 effetum
397 449 436 494 ac
458 448 596 494 uacuum
618 429 764 514 nullique
788 429 861 495 usui
879 429 966 494 bono
984 429 1188 496 commodum
1208 451 1259 495 ar·

208 525 227 578 t
245 513 345 582 bitrio
367 513 429 582 Dei
451 515 662 583 auferendum
687 513 765 582 'luit
809 515 919 602 itaque
941 515 1050 600 Titus,
1080 517 1334 602 imperatorne·

53 569 56 625 l
180 679 185 688 ¹
247 602 290 669 ab
319 605 463 672 exercitu
491 605 734 690 pronuntiatus,
767 605 925 689 templum
957 603 993 672 in
1022 603 1257 690 Hierosolymis

245 691 390 758 incendit
406 712 445 758 ac
462 691 570 776 diruit,
588 693 673 778 quod
691 714 712 759 a
729 691 782 759 die
799 691 995 760 conditionis
1014 693 1138 780 primae
1156 710 1284 780 usquer

246 777 288 844 ad
310 779 396 847 diem
418 779 595 847 suessionis
618 781 751 848 ultimae
774 785 940 847 manserat
962 780 1057 847 anuis
1075 781 1164 847 mille
1183 803 1258 849 ceu·

245 872 316 934 tum
330 873 364 935 et
376 868 510 937 duobus.
539 891 649 936 muros
667 869 756 938 urbis
774 869 945 936 uniuersos
963 869 1034 938 solo
1054 870 1258 958 adaequauit
1319 941 1325 958 ,

208 961 398 1024 tscxccula
419 958 510 1024 milia
527 956 719 1025 ludaeorum
738 980 777 1025 ao
795 957 882 1025 bello
899 957 1070 1026 interiecta
1088 957 1257 1027 Cornelius

246 1047 281 1110 ct
302 1042 475 1112 Suetonius
498 1045 655 1132 reiemnt3
681 1045 840 1132 Iosephus
867 1067 945 1114 uero
967 1044 1120 1132 Iudaeus,
1147 1049 1203 1134 qui
1226 1047 1257 1113 ei

245 1135 325 1200 tnnc
346 1133 433 1201 bello
453 1134 596 1221 praefuit
612 1139 647 1200 et
663 1135 749 1223 apud
764 1133 1000 1220 Vespasianum
1018 1139 1150 1223 propter
1167 1157 1257 1222 prae·
1272 1154 1298 1195 ιο

246 1220 370 1289 dictum
387 1222 558 1309 imperium
577 1223 708 1291 ueniam
727 1223 931 1312 gratiamque
949 1229 1122 1310 meruerat,
1143 1225 1258 1292 scribit

245 1310 398 1380 undecies
411 1317 548 1380 centena
560 1313 652 1381 milia
669 1313 778 1401 gladio
798 1319 832 1380 et
849 1312 935 1380 lama
954 1313 1086 1400 perisse,
1104 1313 1256 1401 reliquias

245 1421 325 1468 nero
342 1400 533 1484 Iudaeorum
552 1401 690 1470 diuersis
709 1406 800 1470 actas
818 1401 1062 1471 condicionibus
1084 1408 1156 1470 toto
1179 1403 1257 1470 orba

244 1488 423 1578 dispersas:
446 1514 583 1580 quarum
601 1514 754 1561 uumerus
773 1491 814 1561 ali
836 1493 1016 1582 nonaginta
1038 1493 1130 1561 milia
1151 1492 1256 1561 horni-

207 1582 324 1648 tnum
353 1580 454 1648 inim
482 1587 642 1650 narratur.
688 1582 907 1670 Vespasianus
937 1587 971 1650 et
997 1582 1090 1651 Titus
1118 1583 1255 1670 impera·
1270 1600 1296 1644 ιι

243 1672 332 1736 tores
349 1670 559 1758 magnificum
574 1693 593 1738 a
617 1675 710 1739 cutes
723 1671 763 1740 de
776 1671 905 1739 ludaeis
922 1672 1126 1757 triumphurn
1143 1673 1255 1739 urbem

243 1756 384 1844 ingressi
415 1763 501 1825 sunt
551 1783 574 1847 p
609 1759 722 1826 chrum
754 1764 789 1827 et
819 1760 968 1848 ignotum
1002 1765 1099 1828 antea
1130 1762 1255 1828 cunctis

242 1845 437 1912 mortalibus
469 1847 556 1913 inter
581 1851 742 1915 trecentos
770 1847 890 1936 uiginti
917 1848 1112 1936 triumphos,
1143 1850 1199 1936 qui
1228 1847 1256 1915 ¹a
1273 1869 1333 1917 nso

243 1933 428 2002 conditione
450 1935 542 2002 urbis
563 1957 664 2022 nsque
686 1935 721 2004 in
750 1936 783 2004 id
810 1943 940 2022 tempus
967 1939 1032 2004 acti
1061 1941 1166 2021 erant,
1192 1937 1255 2005 hoc

243 2022 464 2108 spectaculum
495 2022 574 2110 luit,
608 2027 735 2110 patrem
767 2029 802 2091 et
832 2025 935 2090 tilium
967 2047 1032 2092 uno
1063 2024 1255 2110 triumphali
1268 2043 1296 2085 so

242 2131 338 2179 curru
366 2117 480 2181 ussus
508 2112 777 2200 gloriosissimam
808 2114 851 2181 ab
880 2112 947 2200 luis,
976 2114 1032 2203 qui
1061 2113 1192 2182 Patrem
1221 2118 1255 2181 et

207 2197 362 2268 tFilium
380 2201 590 2287 offenderant,
607 2202 778 2272 uictoriam
797 2207 989 2290 reportasse.
1026 2205 1081 2291 qui
1100 2203 1254 2272 continuo

241 2291 391 2360 omnibus
413 2291 509 2360 bellis
531 2313 570 2361 sc
590 2293 782 2360 tumultibus
800 2293 889 2360 domi
906 2291 1052 2380 lorisque
1071 2295 1254 2382 conpressis

240 2380 997 2540 latts‘llssl'u0'lull”llltl”l;l
1009 2381 1253 2560 illiniti
1266 2489 1294 2533 „

284 2565 316 2626 st
345 2560 459 2628 urbem
492 2559 664 2628 'conditam
696 2566 899 2629 censuerunt
947 2561 1016 2628 iura
1048 2563 1135 2629 enim
1166 2562 1252 2629 idem
1270 2579 1329 2632 as·

264 2669 345 2717 onos
363 2648 482 2716 ultioni
500 2650 661 2737 passionis
678 2649 814 2718 Domini
831 2650 986 2737 inpensus
1003 2654 1062 2736 est,
1080 2652 1135 2737 qui
1153 2651 1253 2718 etiam

190 2747 225 2799 ιο
241 2737 409 2805 natiuitati
439 2737 546 2806 iuerat
577 2739 768 2807 adtributus
817 2743 898 2806 tunc
928 2739 1044 2807 deinde
1076 2739 1146 2807 sine
1177 2741 1253 2809 ullis
1334 2801 1335 2808 ,

239 2824 400 2894 bellorum
421 2826 616 2894 tumultibus
638 2827 673 2895 in
695 2827 879 2895 inmensum
901 2827 1085 2914 respublica
1103 2828 1253 2896 Romana

261 2913 443 2983 rouehiturs
465 2915 623 3022 siquidem
642 2915 768 2985 Achaia
784 2915 885 3005 Lycia
903 2917 1036 2986 Rhodus
1057 2917 1252 3005 Byzantium
1265 2936 1293 2980 so

317 3027 355 3073 ns
395 3003 536 3075 'l'bracu
575 3003 690 3076 (illicia
728 3003 948 3114 Commagena
987 3010 1067 3078 tunc
1110 3007 1251 3097 primum

237 3093 387 3164 redactas
413 3096 454 3164 in
475 3097 660 3184 prouincias
687 3096 845 3167 Romule
872 3097 1032 3167 iudicibus
1047 3099 1251 3187 legibusque

185 3283 219 3333 u
237 3190 531 3340 pereffluam
551 3273 681 3361 imperii
701 3275 770 3342 eius
790 3297 876 3342 anno
896 3280 964 3342 tres
982 3274 1251 3378 ciuimtesucypri

238 3365 346 3426 terrac
358 3365 452 3428 motu
465 3366 656 3429 corruerunt
669 3367 704 3429 et
712 3361 836 3430 Romae
850 3383 971 3449 magna
983 3362 1171 3448 pestilentia
1178 3363 1251 3430 fuit
1263 3380 1291 3425 ss

186 3457 222 3510 12
240 3445 463 3536 Vespasianus
483 3454 593 3517 sutem
610 3451 645 3517 in
662 3449 744 3517 uilla
761 3451 895 3537 propria
912 3451 997 3518 circs
1010 3449 1150 3518 Sabinos
1164 3470 1250 3517 nono

241 3557 327 3604 auno
348 3535 553 3624 principatus
575 3538 627 3606 sui
648 3539 812 3625 profluuio
834 3539 958 3606 uentris
979 3543 1031 3606 est
1051 3544 1208 3608 mortuus.
