2800 3790
174 105 177 112 ’
318 115 515 170 snvnnsvu
532 115 697 168 rsosuos
716 115 757 166 111
777 117 891 169 us-rs.
1065 109 1107 176 79

92 261 154 328 hus
181 258 385 348 adgreditur,
411 255 649 343 commissoque
694 255 795 323 roelio
817 277 889 322 cum
913 253 1053 341 Scythes
1075 258 1109 322 et

93 369 229 416 numero
244 351 278 414 et
290 347 412 414 uirtute
424 348 636 432 praestarent,
650 279 794 432 Philippi
803 343 915 411 lrsude
923 343 1109 410 uincuntur.

93 437 200 593 huz
221 454 339 610 titt
354 429 1141 608 l{„u¹i;;ruuue.;.5:upffiussgu²

66 613 164 681 cruri
183 615 280 699 utque
298 609 426 698 urgenti
443 571 527 676 nihil
544 613 723 695 repertum:
740 629 820 676 num
837 611 871 675 et
883 629 923 676 ee
936 629 989 674 res
1002 607 1108 694 primo

94 703 191 770 fidem
214 699 343 787 inopine
366 697 537 804 §cythium
558 696 657 804 dedit.
693 696 813 786 uiginti
835 696 927 801 milis
949 695 1109 801 nohilium
1153 729 1159 741 ·

94 785 1047 964 ‘ttldi'tttttttttllnltttlttti‘h
1073 874 1145 943 u·

94 991 159 1058 quo
189 969 237 1038 ilc
259 967 430 1055 Philippus
459 966 495 1034 in
523 966 646 1034 femore
673 967 865 1034 eunomus
891 967 955 1050 est,
988 967 1026 1032 ut
1051 985 1109 1052 per

56 1076 213 1146 ¹⁰corpus
236 1057 306 1126 eius
328 1079 429 1146 equus
450 1057 695 1124 interficeretur.
735 1076 809 1123 cum
831 1075 944 1122 omnes
966 1053 1109 1122 occisum

94 1151 256 1234 putarent,
277 1147 312 1214 in
334 1147 447 1236 fugem
468 1145 555 1214 uersi
573 1144 728 1233 praedem
746 1145 933 1213 emiserunt
964 1142 1109 1231 eliquen-

94 1238 166 1305 tule
192 1235 307 1303 deinde
335 1257 426 1304 more
448 1233 525 1303 dum
548 1234 749 1303 conualescit
771 1256 792 1301 e
813 1234 948 1301 uulnere
970 1233 1006 1300 in
1028 1255 1108 1320 pree

93 1325 322 1485 {orlrlquieuitgul
326 1325 444 1483 ⁸sttutinr
467 1345 576 1482 'minin
576 1329 650 1483 t:wrtd
654 1323 824 1430 conualuit
854 1321 1144 1482 Atlppriiflensilhusc

117 1437 273 1484 eurum
323 1437 363 1485 ιε
408 1435 500 1483 urrn
651 1433 816 1483 rscrrmune
878 1435 906 1480 ει
997 1433 1108 1481 cece-

23 1523 81 1566 ·110
93 1507 222 1575 monios
247 1438 417 1595 ¹quonduiir
438 1506 550 1574 hostes
572 1509 650 1574 tunc
668 1504 773 1573 socios
792 1433 977 1572 sufficerent
993 1502 1109 1572 totius·

55 1613 82 1656 ιο
95 1619 157 1686 que
180 1595 335 1665 Grcecice
363 1595 515 1666 ciuitates
540 1595 570 1662 le
594 1595 758 1663 stionihus
781 1593 936 1684 fatigent,
962 1596 1000 1661 ut
1022 1614 1109 1662 com-

94 1708 225 1755 munem
256 1685 386 1754 hostem
417 1615 642 1754 commumhus
669 1686 795 1753 uiribus
825 1689 949 1772 petunt
998 1684 1109 1772 itsque

94 1777 280 1863 aliquantae
303 1776 400 1843 urbes
423 1775 679 1843 Atheniensibus
698 1796 770 1842 sese
788 1773 991 1860 coniunxere,
1014 1795 1108 1861 quus·

94 1863 169 1930 dum
201 1884 280 1930 uero
307 1863 348 1928 cd
376 1862 564 1949 Philippum
590 1862 668 1931 helli
692 1867 803 1956 ‘metus
830 1864 939 1950 traxit
983 1861 1108 1948 proelio
1128 1869 1162 1923 lc

53 1967 81 2010 ²⁰
94 1952 268 2019 commisso
291 1973 365 2018 cum
387 1951 604 2017 Athenienses
627 1950 725 2039 longe
748 1951 870 2017 meiore
893 1971 1029 2016 numero
1050 1950 1109 2015 mi·

93 2041 187 2106 litum
211 2043 426 2126 praestarent,
448 2038 592 2106 adsiduis
615 2042 726 2106 tumtur
749 2039 843 2106 bellis
866 2038 1019 2105 indurate
1038 2035 1108 2104 hlu-

94 2127 252 2196 cedonum
269 2127 392 2196 uirtute
409 2128 590 2196 uincuntur.
622 2149 722 2215 quum
734 2147 878 2214 pugnum
892 2127 991 2216 longe
1004 2125 1108 2194 omni·
1128 2134 1160 2188 ιι

95 2217 155 2284 hus
182 2215 279 2284 hellis
307 2216 524 2284 anterioribus
552 2215 746 2284 atrociorem
773 2217 875 2283 luisse
903 2216 973 2303 ipse
999 2237 1108 2284 rerum

95 2307 199 2374 exitus
223 2305 346 2373 docuit:
369 2327 446 2373 nem
467 2303 521 2374 hic
544 2305 613 2374 dies
631 2304 718 2391 apud
736 2307 924 2373 uniuersum
938 2304 1109 2373 Greecicm

54 2411 81 2454 *ὁ
95 2395 273 2502 edquisitue
291 2394 524 2464 dominationis
542 2395 683 2485 glorium
701 2398 735 2463 et
753 2393 994 2464 uetustissimus
1011 2393 1107 2464 liher-

93 2490 171 2556 tetrs
194 2489 317 2556 statum
339 2486 455 2556 dniuil.

161 2575 282 2646 Postec
298 2575 472 2666 Philippus
496 2576 757 2646 cruentissimam
779 2577 951 2646 uictoriam
974 2575 1009 2644 in
1022 2575 1160 2644 The-14

93 2669 197 2737 hunos
225 2672 259 2736 et
279 2667 554 2738 Lacedaemonios
576 2667 733 2737 exercuitc
762 2667 923 2758 siquidem
944 2665 1107 2755 principes

94 2757 265 2826 ciuitctum
287 2758 370 2827 elice
393 2757 498 2828 securi
519 2757 689 2846 percussit,
714 2759 796 2827 elios
818 2755 1008 2825 inexilium
1030 2756 1109 2846 egit,

54 2862 82 2904 ω
95 2867 207 2916 omnes
229 2848 325 2916 bonis
347 2847 499 2936 priuauit
530 2849 643 2935 pulsos
665 2846 786 2914 dudum
808 2870 830 2914 u
851 2847 976 2916 ciuibus
996 2846 1032 2913 in
1050 2855 1142 2932 pcc-r

94 2936 195 3003 trium
230 2938 387 3005 restituit:
423 2959 463 3005 ex
498 2937 618 3025 quihus
650 2941 812 3005 trecentos
843 2936 953 3005 exules
985 2934 1108 3004 iudices

93 3029 299 3115 rectoresque
323 3025 495 3115 prcolecit‚
520 3027 577 3115 qui
598 3031 637 3093 ut
659 3025 829 3114 antiquum
851 3025 998 3094 dolorem
1019 3046 1109 3093 noue

94 3117 255 3199 poteetuts
276 3119 435 3202 curcrent,
457 3137 587 3203 pressos
610 3115 785 3184 infeliciter
805 3116 944 3202 populor
961 3113 998 3180 iu
1015 3135 1108 3201 spem

94 3200 255 3271 libertetis
277 3204 437 3291 respirare
459 3224 525 3271 non
546 3203 700 3272 sinerent
735 3208 904 3290 praetores
920 3223 1042 3288 mugno
1060 3202 1107 3270 di·
1125 3213 1143 3266 ο

23 3379 24 3384 ἵ
55 3303 82 3346 ⁸⁵
95 3288 182 3356 lectu
202 3291 342 3358 militum
360 3292 394 3361 in
413 3291 594 3360 euhsidium
611 3291 721 3380 regine
738 3290 962 3378 dispositionis
980 3311 1020 3358 cx
1037 3294 1108 3358 tote

94 3375 231 3445 Gruecie
257 3378 385 3465 habito,
411 3379 550 3448 ducents
575 3381 669 3448 milis
695 3381 842 3466 peditum
868 3387 903 3449 et
923 3377 1106 3467 quindecim
1192 3413 1195 3424 .

93 3463 184 3529 milis
209 3465 354 3550 equitum
376 3466 499 3552 ubsque
521 3468 665 3535 exercitu
687 3467 902 3535 Meoedonum
923 3471 959 3534 et
978 3467 1107 3534 inlicite
1315 3456 1326 3473 ⁶
1376 3467 1377 3480 ¹

23 3635 50 3761 l
