2744 3800
327 114 524 168 snvnusvu
541 114 706 170 morsos
724 117 777 170 vrr
794 118 820 172 a.
839 121 865 170 4.
1035 113 1101 181 239

90 255 236 323 lentiae
254 258 293 322 et
310 254 433 324 fames
451 261 490 324 et
506 262 636 325 terrae
654 262 781 326 motus
799 280 866 345 per
883 257 977 327 loca
1007 257 1103 326 heco

89 350 217 412 autem
246 344 376 412 omnia
404 345 523 414 initia
551 350 644 414 sunt
672 345 859 415 dolorum.
904 352 994 414 tunc
1022 350 1102 414 tra-

89 433 183 501 dent
204 454 275 500 uos
296 433 336 500 in
358 433 658 503 tribulationem
680 439 719 502 et
748 435 927 504 occident
953 456 1036 522 uos,
1062 439 1104 503 et

89 521 202 590 eritis
233 520 326 590 odio
356 523 535 612 omnibus
565 524 748 611 gentibus
778 529 939 612 propter
966 544 1102 593 nomen

62 629 219 678 ameum.
257 610 321 679 boc
343 617 454 681 autem
477 613 589 681 diuina
610 613 816 700 prouidentia
838 613 957 682 docens
978 618 1015 682 et
1035 635 1101 681 cre·
1121 625 1158 677 ra

89 699 206 855 mie}
218 701 458 786 praemonendo
476 701 621 769 firmauit
639 706 672 769 et
689 700 874 771 incredulos
888 701 1101 789 praedicendo

89 811 184 858 conu
207 789 243 858 it

153 879 250 946 Anno
286 879 329 946 ab
366 880 446 947 urbe
482 879 612 948 condita
646 896 817 948 nccnxvrr
852 885 930 968 post
960 885 1142 948 mortemt

88 967 230 1054 Augusti
253 965 402 1035 Gesseris
431 968 580 1036 Tiberius
608 965 731 1036 Caesar
762 969 934 1056 imperium
966 969 1101 1056 adeptus

52 1060 139 1124 tuest
164 1057 348 1143 mansitque
371 1058 468 1127 in'eo
491 1059 587 1125 annis
611 1057 730 1146 uiginti
753 1062 786 1125 et
809 1057 922 1125 tribus.
966 1057 1022 1125 lrio
1042 1071 1139 1144 pers

89 1151 192 1212 semet
220 1145 328 1232 ipsum
357 1146 450 1214 nulla
478 1146 565 1214 bella
593 1147 710 1234 gessit,
738 1146 795 1214 scd
821 1168 863 1214 na
889 1166 948 1234 per
974 1146 1100 1234 legatos

88 1234 217 1319 quidem
238 1233 350 1321 alique
371 1235 497 1338 grauia,
518 1234 583 1300 nisi
606 1234 694 1322 quod
716 1239 846 1303 tantum
867 1235 1043 1322 aliquantis
1065 1234 1100 1300 in

89 1322 168 1388 locis
187 1322 389 1408 praecogniti
407 1323 473 1390 cito
487 1323 634 1427 gentium
647 1328 792 1390 tumores
807 1323 1101 1410 conprimebantur.

89 1432 167 1477 sane
190 1414 307 1497 quarto
326 1411 454 1499 imperii
473 1433 542 1478 erus
561 1433 647 1479 anno
666 1411 877 1480 Germanicus
895 1409 995 1479 Drusi
1014 1410 1099 1477 lilius
1119 1423 1137 1474 a

51 1513 76 1554 1⁵
90 1495 257 1584 Caligulae
286 1504 380 1585 pater
409 1499 448 1566 de
479 1499 663 1584 Germanis,
696 1499 736 1565 ad
766 1521 848 1586 quos
878 1499 920 1565 ab
949 1498 1101 1586 Augusto

89 1607 165 1654 sene
189 1585 306 1654 missus
329 1586 444 1675 fuerat,
467 1586 690 1677 triumphauit
725 1589 796 1674 ipse
820 1592 929 1655 eutem
951 1587 1138 1655 Tiberium

90 1676 228 1763 plurima
255 1676 384 1762 imperii
411 1678 462 1745 sui
489 1682 581 1764 purte
607 1699 681 1745 cum
709 1697 829 1766 magna
856 1682 889 1743 et
976 1677 1010 1744 ui
1032 1697 1102 1744 mo·

90 1765 193 1831 destia
220 1766 415 1851 reipublicae
444 1767 598 1853 praefuit,
625 1765 706 1834 adeo
735 1770 773 1833 ul
794 1767 912 1854 quibua
934 1788 987 1832 em
1010 1788 1101 1852 praa·

90 1853 214 1922 ridibus
233 1855 382 1942 augenda
400 1855 575 1941 prouinciis
594 1856 718 1922 tribute
736 1853 946 1922 suadentibus
965 1855 1101 1941 scripse·
1131 1909 1136 1916 .

50 1942 133 2008 ”rit
159 1943 252 2010 boni
279 1944 453 2029 pastoris
480 1965 566 2010 esec
592 1943 754 2010 tondere
771 1965 912 2096 1qecus,
938 1964 1015 2010 uon
1037 1943 1101 2008 de·

90 2030 257 2117 glubers.
302 2035 339 2097 et
364 2036 537 2117 postquam
560 2053 677 2116 passus
699 2035 750 2098 est
802 2030 929 2097 ominus
952 2029 1100 2098 Christus
1120 2040 1139 2093 t

89 2120 185 2204 alque
204 2139 224 2183 e
242 2119 379 2185 mortuis
398 2118 575 2186 resurrexit
592 2123 626 2186 et
648 2117 825 2206 discipulos
848 2140 924 2186 suos
947 2117 990 2184 sd
1011 2139 1100 2204 prae·

89 2205 260 2272 dicandum
283 2205 417 2290 dimisit,
439 2207 574 2292 Pilatus,
596 2227 728 2292 praeses
746 2206 949 2274 Palaestinae
972 2205 1102 2292 prouin-

5 2308 72 2360 cws
91 2289 180 2376 lcies,
215 2293 256 2360 ad
287 2292 454 2360 Tiberium
489 2295 717 2380 moratorem
748 2298 846 2380 etque
878 2295 919 2360 ad
951 2299 1100 2360 senatum

50 2395 76 2437 τι
88 2379 215 2445 rettulit
231 2381 271 2447 de
289 2381 439 2466 passione
458 2385 492 2448 et
509 2384 743 2448 resurrectione
762 2380 885 2449 Christi
903 2401 1100 2468 consequen·

89 2467 239 2557 tibusque
262 2468 449 2555 uirtutibus,
472 2491 555 2557 quae
577 2470 629 2536 uel
653 2492 712 2556 par
733 2470 840 2557 ipsum
863 2469 974 2556 palam
991 2468 1098 2536 fectae

90 2555 218 2624 lucrant
246 2558 300 2624 uel
327 2579 385 2644 per
412 2557 586 2644 discipulos
614 2559 717 2644 ipsius
740 2559 775 2625 in
796 2557 931 2625 nomina
954 2558 1023 2624 eius
1047 2558 1099 2624 lie

89 2643 183 2732 bant,
209 2651 243 2714 et
271 2646 311 2712 de
338 2669 391 2728 oo,
419 2645 506 2733 quod
528 2647 678 2713 certatim
700 2652 864 2714 crescente
885 2645 1098 2732 plurimorum

89 2733 151 2800 lide
179 2733 257 2802 daus
284 2735 477 2803 crederetur.
521 2733 672 2804 'liberius
699 2756 774 2804 curn
802 2735 959 2823 suffragio
989 2733 1137 2824 magnis

50 2835 77 2879 ³⁰
89 2821 211 2891 fauoris
225 2815 352 2892 rettulit
365 2826 406 2891 ad
425 2827 584 2908 sanatum,
600 2830 639 2890 ut
652 2821 802 2891 Christus
821 2822 899 2890 deus
917 2823 1101 2891 haberetur.

90 2917 220 2980 senatus
239 2912 460 3001 indignatione
479 2917 598 2999 motus,
620 2933 678 2979 cur
699 2933 766 2980 non
788 2911 851 2978 sibi
873 2911 965 2997 prius
988 2933 1099 2980 secun·

89 2997 165 3066 dum
191 3020 314 3067 morem
344 3001 488 3068 deletum
519 3005 620 3084 esset,
648 3004 686 3066 ut
712 3000 752 3066 de
778 2999 981 3084 suscipiendo
1011 3000 1098 3067 cultu

90 3087 180 3172 prius
198 3087 268 3174 ipse
287 3088 482 3169 decerneret,
500 3087 777 3155 consecrationem
795 3083 919 3154 Christi
937 3085 1100 3154 recusauit

89 3173 258 3262 edictoque
281 3177 461 3262 constituit,
483 3174 744 3243 exterminandos
768 3197 838 3242 esse
860 3175 940 3242 urbe
963 3171 1098 3242 Christi·

50 3275 76 3317 *ὓ
89 3283 182 3350 anos3
218 3265 392 3353 praecipue
426 3285 498 3332 cum
531 3268 565 3331 et
595 3263 731 3332 Seianus
762 3262 945 3351 praefectus
976 3261 1098 3329 Tiberii

90 3351 312 3435 suscipiendae
329 3353 480 3439 religioni
498 3351 754 3420 obstinatissime
773 3351 1016 3420 contradiceret.
1044 3349 1097 3416 ‘n'-
1116 3361 1134 3413 τ

89 3433 197 3502 basius
220 3443 330 3504 tamen
349 3437 455 3505 edicto
473 3439 716 3507 aocnmtcribus
735 3437 995 3508 Christianorum
1011 3459 1098 3506 mor·

1345 3273 1361 3714 ι
