2800 3790
335 127 531 182 anveesvu
548 127 714 182 enerues
732 128 773 180 ιιι
794 131 907 184 re-re.
1085 123 1129 192 85
1278 90 1283 131 ‘³

114 279 191 340 tens
213 272 305 340 milia
325 271 500 359 profligata
521 272 719 340 referuntur:
742 293 937 360 quamquam
956 275 1050 338 extra
1066 272 1163 340 base
1279 256 1283 267 ⁶

115 361 221 431 clades
244 383 303 449 per
324 361 455 430 eosdem
477 365 544 428 tres
568 381 673 428 annos
695 365 729 429 et
742 361 842 428 Asiae
861 360 1011 429 einim
1029 361 1128 448 pluri·

114 473 186 520 mae
213 473 387 540 oppressae
415 451 482 520 sint
508 454 541 518 et
563 449 658 538 Syria
679 454 752 518 tota
773 453 917 532 umtata,
944 450 1052 538 Tyrus
1074 473 1128 518 ex·

116 543 197 626 cisa,
219 539 334 608 Cilicia
356 541 534 626 exinanita,
556 538 764 627 Cappadocia
786 541 936 625 subacta,
957 538 1128 628 Aegyptus

89 630 245 697 taddicta
267 630 319 715 sit,
341 629 475 696 Rhodus
498 649 627 716 quoque
644 629 752 695 insula
770 628 856 695 ultro
874 628 916 695 ad
936 629 1129 696 seruitutem

115 718 304 786 transiecta
340 716 532 785 successerit
567 716 789 804 plurimaeque
820 718 987 785 subiectae
1018 715 1128 784 'l'anro

115 806 301 912 prouinciae
333 809 431 893 atque
456 806 528 894 ipse
555 826 649 873 mons
678 803 805 873 'I'aurus
832 804 888 873 diu
914 803 1130 874 detrectatum

115 915 227 982 rugum
250 895 393 962 domitus
415 899 450 960 et
471 895 577 962 uictus
600 895 770 980 acceperit

181 981 228 1048 Et
251 1003 292 1049 ne
314 983 399 1048 forte
420 986 499 1049 tone
521 983 692 1070 quisquam
717 983 868 1067 opinetur
889 980 942 1047 uel
964 979 1130 1049 Orientem
1145 987 1183 1048 10

76 1085 102 1131 ra
116 1070 222 1137 solum
235 1068 414 1138 Alexandri
435 1070 561 1137 uiribus
584 1070 755 1138 subactum
772 1071 826 1137 uel
838 1069 970 1137 ltaliam
987 1073 1130 1136 tantum·

27 1188 50 1229 a
64 1174 103 1218 ιιι
116 1158 214 1226 modo
244 1157 393 1226 Romam
427 1155 659 1246 inquietudine
690 1158 879 1245 fatigatam:
916 1161 996 1226 lunc
1029 1158 1131 1225 etiam

117 1246 311 1334 bellumsslla
337 1247 397 1314 'dis
415 1245 650 1334 Spartanorum
669 1268 703 1314 re
730 1247 757 1314 'e
774 1247 809 1314 in
827 1245 972 1332 Graecia,
989 1247 1130 1314 Alexan·

116 1333 166 1400 dn·
197 1335 285 1420 regis
343 1335 406 1419 piri
438 1335 474 1400 in
500 1331 659 1419 Lucania,
717 1335 885 1420 epyrionis
911 1335 1070 1420 praefecti
1096 1335 1132 1400 in

116 1417 250 1507 Scythia
284 1421 467 1508 gerebatur.
516 1443 655 1509 quorum
685 1421 824 1508 Hagidia
855 1421 1166 1488 Lacedaemoniun

76 1526 103 1569 ra
117 1509 258 1576 excitata
288 1512 322 1575 et
351 1508 531 1576 rebellante
562 1531 671 1577 secum
703 1510 858 1577 uniuersa
888 1507 1027 1576 Graecia
1057 1531 1132 1577 enm

115 1596 283 1683 Antipatri
312 1597 502 1666 fortissimis
530 1599 633 1685 copiis
660 1619 854 1687 congressus
881 1597 968 1666 inter
994 1619 1131 1688 magnas

115 1691 326 1773 utrorumque
349 1692 476 1774 strages
499 1687 626 1774 etipse
649 1688 831 1775 procubuit
868 1686 1053 1756 Alexander
1074 1701 1166 1756 aut

115 1779 181 1843 tem
203 1776 238 1844 in
257 1773 355 1845 Italia
378 1777 547 1846 adfectans
569 1777 745 1846 occidentis
767 1777 940 1865 imperium
963 1777 1130 1846 aemulans

115 1864 339 1933 Alexandrum
359 1865 395 1934 M
460 1889 529 1948 um,
555 1873 633 1953 post
653 1888 829 1936 numerosa
850 1872 885 1934 et
905 1867 1021 1955 grume
1044 1867 1131 1935 bella

75 1969 102 2013 ao
115 1953 235 2020 ibidem
257 1957 352 2041 gesta
374 1976 394 2020 a
442 1955 551 2021 ruttiis
569 1955 772 2043 Lucaniaque
795 1960 967 2042 superatus
989 1960 1041 2022 est
1059 1976 1129 2023 cor·

114 2042 620 2202 ‘’lette“tzlt‘lltle
643 2043 1166 2221 mmmmm
1262 2141 1269 2156 ·

157 2221 247 2307 ytbis
274 2221 397 2290 bellum
424 2221 544 2290 inlerre
572 2245 670 2291 ansus
693 2228 727 2290 et
748 2245 851 2312 unque
873 2224 916 2292 ad
938 2224 1129 2293 internecio-

116 2329 190 2375 nem
218 2329 331 2376 caesus
358 2311 504 2377 funditus
531 2331 604 2378 cum
630 2311 783 2378 omnibus
810 2313 913 2398 copiis
941 2313 1009 2380 suia
1035 2313 1129 2379 abra·

74 2412 102 2456 as
116 2417 170 2462 sua
193 2401 252 2464 est

182 2483 288 2572 Igitur
309 2485 493 2553 Alexander
512 2484 655 2574 Magnus
677 2493 754 2574 post
772 2487 863 2555 Darii
885 2493 1024 2555 mortem
1042 2487 1165 2576 Hyr-o

116 2593 214 2640 canos
237 2576 270 2639 st
285 2570 422 2640 Mendes
447 2575 589 2664 subegit:
612 2575 669 2642 ubi
688 2575 789 2642 etiam
807 2576 900 2642 illum
919 2575 1024 2644 adbuc
1039 2577 1128 2646 bello

114 2661 277 2726 intentum
298 2659 460 2730 Halestris
483 2663 552 2730 siue
574 2661 756 2746 Minotbea,
777 2665 883 2730 excita
905 2663 1128 2750 suscipiendas

115 2747 156 2814 ab
185 2768 224 2815 eo
247 2748 369 2815 sobolis
392 2751 499 2836 gratia
521 2771 595 2818 cum
617 2751 771 2818 trecentis
792 2751 985 2818 mulieribus
1008 2772 1129 2837 procax

75 2835 261 2904 uAmaeon
288 2836 423 2906 inuenit
468 2845 545 2926 post
572 2838 653 2907 haec
679 2839 875 2907 Parthorum
901 2861 945 2927 pu
992 2861 1045 2907 am
1072 2840 1163 2909 adt

116 2945 256 3010 gressm,
274 2947 355 3012 quoe
373 2926 430 2994 diu
448 2927 634 2996 obnitentes
651 2928 772 2996 deleuit
789 2949 921 3016 propem
965 2949 1021 2996 um
1035 2934 1127 2998 ante-

114 3034 213 3099 quam
244 3014 336 3100 uicit,
372 3013 447 3082 inde
473 3015 625 3104 Drangae
651 3015 833 3104 Euergetas
860 3015 1009 3084 Parimas
1029 3015 1163 3086 Para-t

25 3127 48 3168 a
61 3116 101 3160 ree
137 3121 269 3168 amenus
296 3099 466 3188 Adlaspioa
496 3109 683 3191 ceterosque
711 3105 849 3192 populos
876 3107 931 3193 qui
959 3105 994 3172 in
1019 3106 1127 3174 radico

161 3190 249 3258 ueasi
267 3192 481 3262 morabantur
498 3192 637 3282 subegit,
654 3193 734 3262 urbe
751 3192 799 3262 ibi
812 3191 1011 3262 Alexandria
1029 3215 1127 3284 super

74 3295 101 3340 as
114 3299 242 3354 amnem
274 3279 411 3348 Tanaim
443 3283 629 3352 constituta
674 3281 731 3350 sed
762 3305 821 3351 neo
852 3285 961 3353 minor
991 3284 1062 3352 eius
1089 3284 1162 3352 ine

113 3385 188 3434 suos
215 3369 389 3438 crudelitas
416 3392 515 3458 quam
544 3371 580 3438 in
606 3370 735 3441 bostem
761 3371 870 3440 rabies
892 3373 964 3442 luit
1007 3371 1126 3441 docent

112 3452 175 3523 boo
197 3457 359 3546 Amyntas
381 3459 594 3530 consobrinus
617 3460 758 3550 occisus,
783 3481 925 3532 nouerca
945 3461 1127 3550 trabeque
