2714 3788
325 125 522 180 mvnnsvu
539 124 705 180 esosuos
723 127 776 178 vn
793 129 838 181 ss.
855 130 900 181 ae.
1043 123 1112 191 283

99 267 257 339 Gratiano
287 267 419 338 uiuente
449 241 629 359 re'gnnsset
673 267 784 357 itsque
813 269 907 336 iustis
936 271 1148 338 necessari-t

98 361 189 449 isque
211 360 318 427 musis
340 358 382 427 sd
404 359 527 427 bellum
545 359 641 427 ciuile
658 363 833 448 permotus,
855 379 929 426 cum
947 381 965 428 e
983 359 1109 428 duobus

98 449 259 539 Augustis
276 447 435 516 iratribus
454 453 488 517 st
505 449 663 516 ultionem
680 449 776 517 unius
794 449 958 517 interfecti
976 451 1110 538 sanguis

97 539 242 629 exigeret
272 542 306 606 et
337 537 576 606 restitutionem
612 537 744 606 miseris
779 537 911 606 ulterius
948 539 1109 607 exulantis

56 644 70 689 t
95 633 218 786 m
244 627 356 716 posuit
382 627 417 694 in
444 624 515 695 Dec
545 649 652 783 ldedd
666 649 765 732 snam·
789 647 924 714 seseque
954 627 1109 783 adrrlersus

95 807 203 874 minor
218 721 576 890 ffiugsrznpggsdtom
599 737 1015 891 belllffcddparitdff-
1024 738 1109 893 ‘'llige-⁰

95 894 205 998 ripuit
226 892 397 980 Aquileiae
411 896 488 960 tunc
497 891 663 998 liaximns
675 891 837 997 uictoriae
851 915 928 960 snae
941 897 1109 998 spectator
1125 907 1143 960 s

56 981 1109 1176 memma

94 1159 792 1336 inresuscitatum
805 1162 1109 1316 militet

95 1339 342 1423 communisset,
369 1337 527 1404 ineffabili
555 1336 673 1405 iudicio
703 1335 779 1422 Dei,
808 1337 884 1404 dnm
915 1337 1024 1404 naunli
1055 1359 1109 1404 ex·

95 1427 259 1514 peditione
272 1426 440 1493 incautum
452 1424 581 1491 hostem
595 1425 786 1511 praeuenire
801 1425 984 1492 et'obruere
1002 1428 1107 1511 perat,
1209 1477 1214 1486 .
1341 1439 1342 1488 1

56 1520 213 1602 stupente
236 1513 349 1582 eadem
372 1534 455 1599 qnae
478 1511 685 1580 obstruxerat
707 1513 852 1581 claustra
874 1510 1023 1580 desernit
1060 1511 1145 1580 itas

95 1603 297 1672 Theodosius
309 1603 440 1671 nemine
458 1602 627 1687 sentiente,
645 1606 763 1670 utnon
777 1601 882 1670 dicam
896 1605 1109 1690 repugnante,

96 1715 217 1760 uacuas
243 1690 426 1779 transmisit
453 1689 553 1776 Alpes
580 1694 679 1777 atque
707 1690 893 1777 Aquileiam
920 1689 1107 1776 inprouisus

15 1797 79 1850 sess
97 1779 282 1847 adueniens
308 1778 438 1846 hostem
460 1777 555 1843 illum
577 1798 745 1866 msgnum,
772 1777 961 1863 Maximum,
984 1783 1108 1845 trucem

95 1873 128 1935 et
150 1868 193 1933 nb
215 1864 449 1934 inmanissimis
469 1885 599 1951 quoque
618 1865 853 1932 Germanorum
876 1865 1029 1952 gentibus
1050 1865 1109 1930 ti·

54 1955 175 2022 sobuta
206 1975 244 2022 ec
275 1952 438 2039 stipendis
473 1953 545 2020 solo
581 1957 704 2019 terrore
740 1953 884 2019 nominis
917 1951 1109 2039 exigentem,

95 2044 166 2110 sine
196 2042 271 2110 dolo
301 2045 335 2109 et
364 2041 435 2108 sine
464 2041 687 2108 controuersia
716 2041 835 2108 clausit
863 2040 952 2127 cepit
980 2038 1108 2108 cecidit

94 2129 345 2199 Valentinisnus
381 2133 512 2214 recepto
548 2127 664 2196 ltaliae
703 2129 828 2216 potitus
869 2127 1008 2215 imperio
1050 2131 1147 2196 ecs

93 2218 340 2306 Andragathius
362 2237 472 2286 comes
494 2217 629 2304 cognita
644 2214 780 2283 Maximi
797 2238 874 2284 nece
897 2215 1109 2304 prwcipitern

95 2329 165 2374 sese
179 2328 197 2373 e
210 2307 289 2373 naui
301 2306 337 2372 in
351 2305 455 2373 undas
468 2303 610 2372 deditae
624 2304 801 2372 suffocatus
815 2309 875 2372 est.
907 2303 1108 2372 Theodosius

54 2414 81 2458 ss
93 2395 296 2463 incruentam
317 2393 491 2462 uictoriam
512 2392 582 2460 Deo
606 2397 801 2480 procurante
823 2392 974 2480 suscepit

160 2483 251 2552 Ileos-
276 2482 408 2572 regibus
440 2485 474 2549 et
505 2482 707 2568 temporibus
738 2479 934 2549 Christianis
966 2481 1143 2568 qualitert

94 2573 184 2642 bella
210 2572 334 2658 ciuilia,
359 2591 433 2638 cum
462 2569 561 2637 uitari
582 2575 760 2657 nequeunt,
786 2569 1021 2658 transiguntur.
1066 2567 1107 2637 sd

94 2661 265 2730 uictoriam
285 2663 477 2747 peruentum
496 2663 556 2744 esi,
578 2659 708 2746 innupte
726 2663 777 2725 est
794 2657 920 2742 einim,
941 2661 1124 2744 correptus.

96 2756 265 2837 tyrannus.
309 2753 343 2816 et
369 2746 433 2815 hcc
459 2767 575 2833 parum
598 2750 657 2815 est
702 2767 774 2815 ecce
797 2750 891 2834 perte
913 2745 980 2813 alia
1001 2747 1108 2814 uictus

56 2858 85 2902 so
96 2837 229 2906 hostilis
242 2837 402 2904 exercitus
416 2840 514 2923 alque
527 2835 602 2922 ipso
616 2840 757 2922 tyranno
772 2834 988 2902 truculentior
1000 2855 1108 2903 comes

96 2927 231 3018 tyranni
244 2925 286 2995 sd
301 2929 438 2995 mortem
452 2929 594 3013 mactus,
611 2927 724 2992 tantae
741 2922 919 2995 dissolutae
937 2923 1007 2992 elus
1069 2944 1109 2991 ue
1185 2931 1188 2938 ⁴

97 3017 244 3105 insidias,
256 3016 342 3084 tanti
355 3019 532 3104 apparatus
546 3014 705 3084 exinaniti
719 3019 811 3083 sunt:
830 3019 989 3083 ettamen
1001 3035 1024 3080 n
1073 3035 1111 3081 us
1130 3039 1146 3094 e

98 3109 191 3176 dolos
213 3108 344 3193 struxit,
365 3105 474 3173 nullus
496 3105 599 3172 aciem
617 3102 788 3210 disposuit,
810 3107 975 3191 postremo
992 3103 1112 3190 nullus,

98 3197 127 3266 si
156 3195 220 3265 dici
246 3195 338 3280 licet,
364 3191 510 3282 glsdium
537 3193 577 3261 de
604 3213 728 3298 negans
754 3193 879 3262 extulit
924 3191 1113 3260 formidulo-

57 3303 86 3347 ω
99 3285 265 3353 sissimum
295 3282 417 3350 bellm
446 3281 518 3349 sine
547 3301 706 3368 sanguine
734 3301 837 3367 usqne
869 3279 912 3348 sd
939 3279 1112 3348 uictoriam

99 3377 132 3439 st
156 3372 191 3438 in
220 3370 359 3437 uictoria
386 3369 523 3436 duorum
551 3374 657 3436 morte
683 3368 867 3438 coniectum
894 3373 954 3437 est
997 3372 1044 3452 et,
1071 3375 1149 3436 net

98 3457 163 3522 hoc
186 3456 358 3542 qnisquam
381 3475 459 3522 casn
480 3455 605 3523 tactum
626 3460 729 3544 putet,
751 3478 816 3543 qno
840 3457 945 3546 msgis
963 3455 1112 3544 potentia
