2714 3788
42 294 46 345 ἑ

42 409 45 423 .

233 163 300 231 256
477 167 584 221 vnvm
603 166 727 221 oaosn
744 166 996 221 maronam
1330 167 1332 212 l

234 308 441 396 antiquorum
468 308 575 375 titulis
601 307 847 394 praeferendam
873 307 946 375 rudi
974 328 1140 395 paruoque
1162 306 1246 374 mili·

42 444 46 462 .
233 400 303 464 tum
329 418 463 464 numero
492 395 549 464 sed
577 397 805 483 potentissimo
832 394 955 465 christi
984 395 1106 464 anxilio
1135 416 1243 482 repon·

42 541 45 568 ,
180 496 213 548 ιι
231 489 353 553 terunt
397 491 524 553 exstare
548 483 654 553 ¹etiarn
681 507 767 554 nuno
790 486 876 573 apud
898 487 1069 575 plerosque
1092 483 1243 554 dieantur
1261 507 1324 552 su

42 580 45 612 ¹
231 576 360 645 litterae
377 575 582 662 imperatorie
601 575 770 662 Antonini,
791 574 848 644 ubi
870 575 1077 644 inuocatione
1099 573 1242 644 nominis

42 664 46 747 ξ
231 663 355 734 (lli-isti
371 686 430 752 per
451 665 569 734 militae
584 663 789 734 Ohnstimoa
807 669 840 732 et
857 665 947 732 sitim
965 665 1056 733 illam
1074 664 1243 751 depulsam
1270 680 1284 725 a

42 825 46 858 ·.
179 761 215 816 ra
231 758 267 821 et
286 754 449 822 muletam
475 753 596 822 latetur
621 753 721 822 luisse
743 754 924 823 uiatoriam.
969 753 1118 841 idemque
1140 753 1243 826 luto

231 842 330 910 ninus
352 839 565 911 Commodum
587 843 691 910 lilium
713 865 809 912 suum
831 843 1012 930 adsumpsit
1033 843 1068 909 in
1091 863 1243 930 regnum3

230 932 398 1018 praeteriti
419 931 518 998 edam
535 932 692 1019 temporie
710 953 770 1020 per
787 954 899 1000 omnes
917 931 1101 1018 prouincias
1119 931 1243 999 tributa

230 1019 366 1089 donauit
401 1022 571 1110 omniaque
611 1021 710 1089 simul
751 1021 909 1091 fiscalium
951 1021 1155 1128 negotiorum
1188 1041 1239 1090 aa·

41 1117 45 1222 ξ
104 1168 105 1172 ,
138 1135 150 1160 ⁸
229 1111 393 1179 lumniosa
419 1114 629 1181 monumenta
654 1116 812 1201 congesta
838 1111 873 1179 in
901 1112 973 1181 loro
997 1111 1093 1180 russit
1114 1109 1242 1180 ineundi
1257 1127 1284 1172 ιο

232 1200 475 1288 seuerioreeque
500 1202 591 1290 legee
612 1201 706 1271 nome
729 1202 1015 1271 wnsumnonibus
1038 1202 1244 1289 temperauit

133 1349 134 1352 ,
229 1293 398 1445 319ωο
429 1289 464 1358 in
495 1289 666 1359 Pannonia
697 1291 894 1359 constitutus
925 1290 1096 1378 repentino
1127 1291 1241 1359 morbo

263 1399 315 1446 em
337 1377 428 1447 obiit

175 1469 216 1529 it
269 1449 279 1469 ⁰
298 1467 396 1536 Anno
413 1467 457 1535 ab
474 1469 555 1535 urbe
573 1469 704 1536 eondita
721 1483 907 1537 ncoccxxx
920 1465 1040 1535 Lucius
1053 1467 1241 1536 Antoninus

228 1553 425 1625 Commodus
443 1556 737 1697 quintusdecimus
756 1558 798 1625 ab
812 1556 962 1645 Augusto
980 1557 1068 1644 patri
1086 1558 1242 1626 suomasit
1255 1571 1281 1614 1⁸

193 1645 264 1712 sin
286 1666 424 1733 regnum
456 1644 640 1732 mansitque
658 1645 693 1712 in
710 1668 751 1714 eo
768 1645 862 1713 annis
881 1663 955 1714 1111.
991 1644 1146 1714 aduersus
1161 1645 1240 1714 Ger·
1257 1669 1280 1713 r·
1293 1665 1324 1706 α

226 1755 343 1801 manoe
367 1734 489 1802 bellum
511 1733 648 1802 ieliaitor
668 1734 782 1822 gessit
817 1739 960 1804 aeterum
982 1756 1039 1822 per
1062 1735 1171 1802 omnia
1194 1735 1241 1802 ln-

227 1822 339 1889 xuriae
356 1827 392 1890 et
408 1823 619 1890 obseenitutis
637 1823 792 1892 dedecore
809 1824 1015 1910 depranatus,
1036 1824 1239 1910 gladiatoriis

227 1932 356 1998 quoque
385 1913 485 1979 armie
515 1913 705 1997 saepissime
734 1913 769 1978 in
799 1912 876 1979 ludo
907 1913 1108 1999 depugnauit
1137 1918 1172 1980 et
1203 1913 1239 1980 in

227 1998 470 2085 amphitheatro
496 1999 574 2066 leuia
601 2021 672 2067 sese
699 1999 885 2087 frequenter
912 2000 1045 2085 obiecit3
1074 2000 1280 2069 intonent»

226 2087 328 2154 etiam
349 2086 605 2174 quamplurimae
628 2092 804 2170 senatores,
825 2088 966 2154 maxime
988 2109 1070 2175 quoe
1093 2088 1239 2155 animad-

194 2183 213 2234 a
230 2173 334 2241 uertit
352 2175 526 2242 nobilitate
547 2173 769 2261 industriaque
792 2175 957 2243 excellere.
1002 2176 1129 2278 flagitia
1149 2177 1238 2263 regis

227 2284 334 2351 poena
351 2263 441 2331 urbis
454 2262 645 2352 insequitur.
675 2285 752 2332 uam
765 2263 901 2331 fulmine
915 2261 1240 2352 capitulumque,

226 2373 267 2420 ex
293 2374 359 2440 qno
380 2353 471 2421 iaota
495 2351 709 2421 inflammatio
735 2351 979 2438 bybliothecam
1005 2351 1110 2438 illam,
1136 2355 1237 2422 maio-

227 2463 301 2508 rum
323 2461 401 2510 enra
422 2442 591 2532 studioque
613 2441 838 2530 compositum,
860 2441 1019 2530 aedesque
1043 2442 1125 2509 aliae
1147 2443 1278 2511 iuxta&

228 2531 310 2598 sitas
331 2532 441 2619 napaei
464 2532 593 2600 turbine
616 2531 842 2600 ooneremsuit
882 2531 995 2600 deiude
1018 2531 1107 2600 aliud
1129 2533 1237 2601 ineen-

226 2618 340 2702 liuns
479 2620 602 2689 Romae
629 2628 778 2689 exortum
806 2619 919 2689 aedem
940 2619 1063 2689 Vestae
1090 2625 1125 2688 et
1144 2621 1238 2690 Pala·

44 2745 48 2752 ,
190 2709 350 2796 etium=p
364 2709 566 2814 utinamque
583 2711 674 2778 urbis
692 2714 819 2798 partem
832 2711 903 2778 solo
917 2709 1120 2796 anaeqnauit.
1141 2708 1237 2778 Genu·

225 2795 342 2864 modus
368 2801 493 2865 ennena
514 2797 737 2866 moommodue
758 2797 794 2864 in
817 2796 912 2865 domo
934 2796 1111 2865 Vestilieni
1133 2803 1237 2866 stran-

226 2886 357 2972 gelatus
379 2885 530 2952 interisse
552 2885 668 2973 fertur,
695 2886 802 2955 hostis
828 2885 958 2973 generis
979 2885 1114 2953 humani
1136 2886 1235 2953 etiam
1249 2901 1277 2943 ⁸⁰

224 2973 321 3040 uinus
342 2969 520 3040 inldieatua.
1252 2985 1322 3039 affl

191 3070 211 3122 a
293 3060 375 3126 Post
395 3060 482 3129 hune
503 3083 525 3128 a
543 3065 658 3128 senatu
675 3065 802 3130 oreatus
820 3064 872 3127 est
889 3082 988 3127 mnex
1005 3058 1143 3127 Heluius
1162 3059 1237 3127 Per-

225 3147 319 3215 tinax
345 3148 625 3216 sextusdecimus
652 3149 695 3216 ab
717 3150 892 3256 augusto..
922 3149 1099 3253 quisenta
1125 3169 1236 3253 mense

191 3335 210 3387 .
254 3258 505 3392 neuen
513 3234 1236 3393 munumentum
1253 3335 1321 3388 ,..

225 3409 496 3497 uuitimperium
509 3411 566 3480 sed
578 3434 656 3481 mox
670 3435 690 3479 a
703 3411 823 3480 Seuero
837 3412 923 3498 apud
936 3415 1068 3498 pontem
1076 3409 1235 3478 Muluium
1249 3427 1277 3470 κ

224 3499 311 3567 bello
339 3498 429 3567 eiuili
456 3499 563 3568 metue
592 3505 627 3568 et
653 3499 845 3568 interieetus
873 3503 926 3567 eat
941 3519 1064 3566 mense
1095 3499 1233 3586 septimo

1252 3727 1332 3778 ,Δ
