2806 3788
344 125 540 179 mveuevu
558 123 724 178 recreor
742 123 783 176 111
803 127 917 180 re-re.
1094 117 1138 186 εὖ
1283 84 1286 96 ’

123 277 200 338 tene
222 271 314 337 milia
334 268 509 357 profligata
530 267 728 336 referuntur:
773 289 947 355 numquam
966 264 1172 334 extrahare

124 359 231 429 cladca
253 380 312 448 per
334 357 465 427 eoadem
486 361 554 425 tree
578 379 682 424 annor
705 362 739 424 et
800 357 851 424 iae
870 355 1021 423 duitatee
1038 354 1137 443 pluri·
1229 417 1230 420 ,

124 471 196 518 mae
223 470 396 537 oppreerae
424 448 492 516 eint
517 452 552 515 et
573 445 667 534 Syria
688 450 761 515 tota
782 449 926 528 uastata,
953 445 1061 532 Tyrus
1083 467 1137 513 ex·

99 535 1138 711 .itheth?hhttulzttlffllttwhtltth

124 716 314 783 tremefacta
350 713 541 782 successerit
576 713 798 799 plurimaeque
830 713 996 780 euhiectae
1028 709 1138 778 Tauro

125 803 312 892 prouinciae
344 807 441 890 atquc
467 803 538 890 ipae
565 823 659 870 mone
688 799 815 868 Taurue
842 799 898 868 diu
924 798 1139 869 detrectatum

125 895 238 979 iugum
259 891 403 959 domitur
425 895 459 958 et
481 891 587 958 uicum
610 891 779 975 acceperit

191 979 238 1046 Et
260 1001 302 1046 ne
324 980 408 1045 forte
430 983 509 1045 tunc
531 978 702 1066 quiequam
726 977 878 1063 opinetur
898 976 952 1042 uel
973 973 1140 1042 Orientem
1155 981 1194 1042 10

86 1083 113 1128 re
126 1067 233 1134 aolum
246 1065 424 1135 Alexandri
445 1066 570 1134 uirihne
594 1067 765 1132 euhaotum
782 1067 835 1131 uel
848 1063 979 1132 ltaliam
996 1065 1140 1130 tantum·

37 1185 60 1226 a
74 1172 114 1215 ιη
127 1157 224 1224 modo
254 1155 403 1224 Romana
437 1153 668 1242 inquieltudine
700 1154 889 1241 fatigatam:
925 1157 1006 1220 tnnc
1039 1151 1140 1220 etiam

127 1243 300 1330 belluran
347 1243 407 1310 'die
426 1242 660 1331 Spartanorum
678 1265 714 1309 rc
740 1243 767 1309 'e
785 1243 820 1309 in
837 1241 981 1326 Graecia,
1000 1240 1140 1308 Alexan·

126 1331 176 1396 dri
208 1331 296 1417 regie
353 1331 416 1416 piri
448 1333 483 1396 in
511 1329 669 1414 Lucania,
727 1331 895 1415 opyrionie
921 1329 1079 1413 praefecti
1106 1329 1141 1394 in

126 1415 260 1504 Scythia
295 1417 477 1505 gerebatur.
527 1439 665 1504 quorum
695 1416 835 1504 Hagidie
866 1415 1177 1483 Lacedaemoniun

87 1523 113 1566 ιε
127 1507 269 1574 excitata
298 1510 333 1571 et
362 1506 542 1572 rebellante
573 1526 682 1573 recum
713 1505 868 1572 uniuersa
898 1502 1037 1571 Graecia
1067 1523 1141 1570 cum

125 1593 293 1681 Antipatri
323 1593 512 1662 iortieaimie
540 1594 642 1682 copiis
670 1615 865 1682 congreeeue
891 1593 977 1660 inter
1003 1613 1141 1681 magnae

125 1690 337 1770 utrorumque
360 1689 487 1771 atrogee
509 1689 544 1751 et
565 1684 637 1770 ipae
659 1683 841 1770 procubuit
879 1681 1063 1750 Alexander
1084 1697 1177 1749 aua

125 1777 192 1839 tem
215 1770 366 1842 initalia
388 1773 557 1841 adfectans
579 1773 756 1842 occidentis
778 1771 950 1860 imperium
974 1769 1140 1840 aemulan·

125 1861 349 1929 Alexandrum
470 1884 539 1944 um,
567 1867 644 1948 poet
664 1883 839 1930 numeroea
861 1868 895 1929 et
916 1862 1031 1949 grande
1054 1861 1142 1928 bella

85 1950 245 2017 arihidem
269 1955 362 2038 geete
385 1972 405 2017 a
452 1950 562 2017 ruttiie
579 1951 783 2037 Lucaniaque
806 1954 977 2037 reperatur
1000 1953 1051 2016 cet
1070 1971 1140 2017 cor·

125 2060 250 2126 pueque
275 2039 345 2106 eine
369 2038 408 2107 ad
432 2039 632 2127 aepulturam
654 2039 829 2106 uenditum.
874 2037 1039 2125 Zopyrion
1061 2052 1178 2107 ueroa

148 2129 307 2198 melectue
344 2127 439 2198 Ponti
480 2129 622 2198 adunato
657 2129 797 2217 triginta
836 2129 961 2197 milium
998 2128 1142 2197 exercitu
1271 2133 1276 2148 '

168 2218 258 2304 ythie
285 2218 408 2287 bellum
434 2219 554 2286 inferre
582 2241 680 2287 unaue
704 2224 738 2286 et
758 2241 861 2306 neque
883 2219 926 2286 ad
948 2218 1140 2288 internecio·

126 2326 202 2372 nem
229 2327 342 2373 caeeua
369 2307 515 2373 frmditue
542 2327 614 2374 cum
641 2305 793 2374 omnihus
821 2308 923 2393 copiis
951 2307 1019 2374 auia
1046 2307 1140 2374 ahra-

86 2409 114 2453 aa
127 2415 182 2460 ene
205 2399 263 2461 eet

193 2479 299 2569 Igitur
320 2481 503 2550 Alexander
524 2479 665 2570 Magone
688 2488 765 2570 poet
782 2480 874 2550 Darii
897 2486 1035 2550 mortem
1053 2481 1176 2570 Hyr-e

126 2590 225 2636 canoe
248 2573 282 2636 et
297 2566 433 2637 Mandoa
458 2571 601 2657 subegit:
623 2571 679 2638 uhi
700 2571 800 2637 etiam
818 2570 911 2637 illum
930 2569 1034 2638 adhuc
1051 2570 1139 2641 hello

126 2655 287 2723 intentum
309 2655 472 2725 Haleetria
494 2660 564 2725 ciue
585 2657 766 2742 Minothm,
789 2658 894 2725 excita
916 2658 1139 2744 enedpiendae

127 2742 168 2809 ab
197 2764 235 2812 eo
258 2744 381 2811 euholie
403 2747 510 2832 gretia
533 2767 605 2814 curn
628 2746 782 2813 trecentie
804 2745 997 2813 mulieribus
1019 2766 1140 2831 procax

87 2848 114 2892 ac
127 2830 273 2900 Amazon
298 2833 435 2902 inuenit
479 2840 557 2922 poet
583 2833 663 2902 haec
691 2833 885 2902 Parthorum
912 2855 957 2920 pu
1003 2855 1055 2901 arn
1084 2833 1174 2902 ada

127 2941 268 3007 merone,
285 2943 367 3008 quor
385 2923 441 2990 diu
459 2923 645 2992 obnitentes
662 2923 783 2991 deleuit
800 2943 932 3010 propem
978 2945 1033 2990 run
1047 2927 1139 2992 ante·

127 3030 224 3094 quam
255 3011 348 3096 uicit,
383 3011 458 3079 iude
483 3009 636 3100 Drangae
662 3011 844 3100 Euergetae
871 3011 1020 3078 Parimaa
1041 3009 1174 3080 Para-t

37 3111 112 3164 am
148 3118 280 3165 ameno·
307 3095 478 3185 Adlaepioe
507 3104 694 3186 ceteroaque
722 3100 861 3186 populor
887 3101 942 3186 qui
969 3099 1006 3166 in
1030 3100 1139 3168 radice

172 3185 261 3255 ucaei
279 3187 492 3257 morabantur
509 3188 649 3279 euhaffl‘t,
665 3188 746 3257 urbe
763 3187 811 3257 ibi
824 3186 1024 3257 Alexandria
1040 3209 1139 3278 cuper

85 3291 112 3336 υ
125 3297 254 3352 amnem
285 3274 423 3345 Tanaim
454 3279 640 3347 constituta
686 3277 743 3346 aed
773 3299 833 3346 nee
864 3279 972 3346 minor
1003 3279 1074 3346 eina
1100 3278 1173 3346 ina

124 3384 200 3433 enoe
227 3365 401 3434 crudeliter
427 3387 527 3453 quam
555 3367 591 3434 in
618 3365 747 3436 hortem
773 3365 882 3435 rahier
903 3365 976 3436 huit
1019 3366 1138 3436 docent

124 3448 186 3523 hoc
208 3452 371 3542 Amyntae
393 3454 606 3526 comohrinue
628 3455 770 3544 occieur,
794 3476 936 3524 nouerca
957 3455 1140 3546 trahatque
