2702 3776
347 79 547 134 ADVEBSVH
563 80 730 136 ΡΑΘΔΝΟΒ
747 82 800 136 vn
818 84 861 138 td.
879 85 924 139 bt.
1067 79 1132 149 287

119 221 222 289 seer
249 222 326 310 luit,
352 223 408 310 qui
435 244 596 290 nentrum
623 244 732 291 rerum
758 224 946 292 molitiones
973 225 1010 292 in
1032 225 1159 294 sene.

141 310 388 398 eshorrescens,·
407 310 530 381 relictis
558 311 645 399 spud
667 311 856 381 Africsnsm
879 313 1032 382 militium
1055 315 1132 384 duo·

117 333 179 468 bus
207 400 282 468 liliis
308 401 570 469 adducentibus
593 401 630 468 in
653 399 784 470 Itslism
810 402 915 471 rediit
958 401 1070 492 Gildo,
1098 408 1134 472 st

117 489 298 557 sbsentism
325 490 437 557 irstris
463 493 498 557 et
523 491 743 575 praesentium
765 490 909 559 liliorum
931 492 1000 560 eius
1023 515 1132 581 suspe-

89 580 203 645 eotsm
221 576 357 663 hebens,
375 577 596 645 sdnlesoentes
614 575 689 646 dolo
707 578 946 648 &eumuentos
960 581 1131 650 interiecit

117 664 159 733 sd
185 665 272 734 huuc
296 666 364 733 ism
390 672 429 733 ut
454 667 585 734 bostem
607 665 694 733 bello
716 665 951 754 insequendum
973 667 1169 738 Mrscesels

116 753 219 821 irster
244 753 365 823 missus
392 760 456 840 est,
481 775 579 842 quem
605 755 757 823 idoneum
783 757 1006 841 procurandae
1028 759 1132 845 reipu-

117 843 220 910 bliess
239 842 309 910 iore
326 843 478 929 propi-ies
497 842 648 911 orbitatis
667 864 778 910 reeens
796 843 890 911 dolor
907 845 1131 930 pollicebatur.

116 930 219 1018 igitur
240 929 413 1014 dioecessi,
439 931 506 997 ism
532 928 607 996 inde
634 951 655 997 s
676 929 858 998 Theodosio
885 933 1004 1020 sciens,
1031 955 1131 1020 qusn-

78 1035 105 1080 ιο
117 1023 188 1086 tum
211 1017 245 1085 in
262 1017 361 1086 rebus
379 1017 652 1106 desperetissimis
671 1018 776 1088 osetio
794 1017 939 1089 hominis
956 1022 1131 1109 perfidem

117 1105 239 1176 curisti
257 1129 278 1175 s
296 1106 469 1176 clementie
486 1105 548 1176 Dei
565 1107 765 1196 impetrsret,
782 1105 973 1194 Osprsrism
990 1110 1132 1179 insulem
1268 1171 1273 1179 .

118 1197 207 1282 odiit,
225 1197 311 1263 unde
329 1217 438 1264 secum
457 1201 590 1264 ssuotos
609 1217 721 1264 seruos
739 1195 802 1264 Dei
819 1197 948 1284 eliquot
965 1205 1131 1286 permotos

116 1285 266 1374 precibus
297 1285 365 1352 suis
396 1285 549 1372 sumpsit:
581 1305 653 1352 cum
683 1283 735 1352 his
766 1285 971 1355 cretionibus
1001 1287 1132 1356 ieiuniis

116 1373 252 1463 psalmis
271 1373 340 1442 dies
358 1378 533 1460 noctesque
552 1373 746 1441 eontinusns
765 1375 835 1442 sine
853 1374 940 1442 bello
959 1375 1132 1444 uictoriem
1164 1413 1169 1422 ·

25 1491 45 1532 s
57 1480 100 1526 ees
117 1463 236 1532 meruit
266 1484 305 1530 so
336 1463 407 1530 sine
438 1461 534 1530 eeede
565 1461 753 1530 uindictam.
807 1461 951 1532 Addslio
988 1464 1171 1535 fluminiss

75 1571 102 1614 ss
115 1573 236 1622 nomen
259 1556 319 1638 est,
340 1549 427 1656 quod
449 1551 521 1618 fluit
543 1551 627 1620 inter
645 1549 828 1619 Tbeuesten
850 1555 884 1619 et
902 1552 1132 1621 Ammodersm

116 1641 280 1727 ciuitstes3
301 1640 359 1707 ubs
382 1661 456 1708 cum
477 1662 582 1729 perus
604 1661 712 1727 menn,
734 1639 798 1709 boc
820 1645 871 1709 cst
892 1663 966 1712 oum
988 1643 1130 1731 qsrinqns

115 1733 247 1802 milibus
272 1729 325 1820 (nt
345 1727 453 1822 sium)
481 1731 636 1817 militem,
662 1734 778 1801 contre
803 1733 1014 1823 septusginls
1040 1733 1134 1803 milis

115 1822 261 1891 hostium
283 1827 391 1890 cesus
412 1825 563 1906 motetus,
585 1843 659 1888 oum
677 1821 848 1891 interiectu
866 1845 960 1891 mors
977 1823 1132 1892 excedere

75 1912 189 1979 roloeo
216 1911 448 1998 opposite-sque
475 1909 689 1997 praelucentis
712 1911 809 1978 sellis
830 1913 1002 1999 angustius
1024 1916 1132 1981 buns-

115 1999 207 2088 gredi
228 2000 336 2085 uellet,
362 1999 546 2066 incurrente
568 2004 664 2066 noete
682 1998 815 2068 bestm
833 2000 1044 2069 Ambrosium
1061 2001 1131 2087 spi·
1149 2017 1168 2069 r

115 2086 444 2246 :llltslllzl
462 2085 1131 2265 ttl'sitililllll'i'fflli

116 2265 157 2335 sd
175 2265 311 2334 humum
328 2268 379 2333 ter
400 2264 519 2332 bsoulo
543 2263 717 2332 dicentem:
739 2264 815 2352 hic,
836 2265 914 2353 hic,
935 2265 1007 2335 hie
1043 2265 1131 2354 qnod

73 2374 101 2418 ss
114 2355 171 2424 ille
193 2354 346 2442 prudenti
369 2353 556 2423 coniectore
576 2352 739 2421 intellexit
761 2355 877 2422 merito
905 2355 1131 2424 sdnuutisntis

114 2445 211 2514 fidem
234 2443 402 2531 uistorise,
425 2443 525 2512 uerbo
543 2443 660 2529 locum,
683 2464 818 2512 numero
836 2443 923 2512 diem
940 2445 1130 2534 significent.

115 2533 264 2603 substitit
281 2555 321 2602 so
337 2533 437 2601 tertio
456 2532 585 2601 demum
603 2533 655 2600 dis
673 2537 751 2619 post
772 2538 901 2602 noctem
923 2535 1166 2602 orstionibnss
1267 2553 1270 2560 ·

114 2622 308 2709 hymnisque
334 2621 527 2709 penuigilem
554 2619 597 2687 sb
624 2621 705 2707 ipsis
733 2620 922 2689 scelestium
948 2643 1129 2689 sscrsmen·

114 2717 224 2781 torum
260 2710 425 2798 mysteriis
456 2709 491 2776 in
523 2707 652 2776 hostem
688 2709 920 2778 cbeumfusum
955 2710 1129 2816 processit3

73 2819 102 2862 υ
115 2805 148 2869 et
170 2822 245 2868 eum
267 2800 309 2869 sd
331 2820 388 2868 eos
420 2799 476 2887 qui
493 2798 591 2884 primi
609 2791 825 2885 occurrerent,
847 2799 902 2886 pis
918 2821 1008 2886 pecus
1027 2800 1166 2869 uerbss
1300 2849 1304 2859 .

113 2891 264 2977 inoleret,
294 2888 323 2957 si
372 2888 488 2956 'erum
517 2886 678 2975 quendem
707 2887 886 2956 insolenter
914 2887 1128 2956 obsistentem
1158 2915 1162 2924 ·

115 2984 148 3049 st
170 2977 365 3067 ismismque
387 2999 533 3068 pugnem
562 2975 756 3045 excituutem
780 2976 889 3066 glsdio
911 2977 1072 3064 psscusdt
1092 2977 1129 3044 in

115 3067 265 3138 brscshio
292 3089 430 3173 eumque
457 3087 555 3134 msuu
585 3064 724 3134 debilem
755 3067 828 3153 ipso
857 3067 991 3134 uulnere
1020 3067 1130 3155 coegit

74 3263 102 3306 a
113 3179 252 3315 firouuns
270 3155 428 3224 inohnere
445 3155 610 3224 uexillum.
641 3176 706 3243 quo
724 3155 796 3223 uiso
813 3155 959 3245 reliques
977 3155 1127 3224 cobortes
1146 3166 1182 3222 se
1330 3235 1331 3246 χ

137 3246 312 3312 editionem
342 3245 410 3313 ism
441 3245 511 3315 lieri
542 3244 688 3332 priorum
720 3244 944 3314 sxistimsntes
975 3244 1128 3314 certetim

115 3353 186 3398 sess
204 3329 246 3396 sd
259 3330 471 3399 lissceselem
490 3332 593 3419 signis
607 3332 767 3400 tredidese
781 3333 956 3403 conuenis
987 3333 1128 3422 bsrbsri,

115 3438 254 3502 qnorum
280 3425 434 3504 m'sgnsm
461 3419 703 3487 multitudinem
731 3418 828 3490 Gildo
855 3423 897 3492 sd
924 3421 1049 3492 bellum
1075 3421 1129 3491 de-
