2806 3788
307 149 351 216 88
554 153 666 208 Peru
682 151 806 206 onosn
822 151 1071 205 meromsnvn

214 383 217 387 Ι
269 305 480 362 arumurenn.
516 293 700 362 Alexander
721 315 799 361 nero
821 293 908 380 apud
928 293 1144 380 Babylonem,
1166 317 1241 362 enm
1264 295 1318 362 ad·

303 381 369 450 hue
386 383 579 470 sangninem
598 383 712 451 sitiens
732 381 817 449 male
831 381 992 470 mtiguta
1005 383 1162 452 auiditate
1176 383 1319 451 ministri

304 469 433 538 insidiis
454 493 613 538 uenenum
680 474 792 555 tasset
814 470 948 538 interiit

268 569 287 620 e
372 557 401 663 ⁰,
423 557 504 626 dura
521 581 614 664 nuens
656 559 800 626 ominum
818 563 853 624 et
869 580 926 625 eor
944 580 1072 663 semper
1088 557 1318 626 inhnmunnmi

303 667 484 802 me
503 644 1111 837 mittimini?
1120 651 1317 820 ffii
1343 665 1358 710 ⁸

302 844 370 909 qno
392 823 444 890 uel
467 828 571 891 morte
588 823 662 909 ipae
679 825 731 890 nel
749 821 922 889 formidine
940 823 1056 889 mertis
1074 826 1208 909 aeeepta
1225 825 1316 889 totns

301 911 441 978 mundns
450 911 628 995 intremuit,
639 911 794 998 numquid
803 909 1009 978 iulaesimsui
1018 911 1142 978 oeulis?
1159 910 1317 999 numquid

301 999 400 1068 eorde
421 999 595 1069 condolui?
614 999 773 1089 numquid
790 1000 961 1067 reuoluene
979 999 1060 1092 haee
1078 1004 1214 1088 propter
1229 1021 1315 1068 nern-

265 1101 284 1152 e
301 1111 433 1157 munem
443 1089 576 1158 uiuendi
584 1093 708 1158 statum
717 1089 877 1156 maiorum
886 1089 1034 1156 miserias
1044 1089 1226 1157 measteei?
1242 1111 1314 1156 eum
1331 1107 1358 1152 ιο

299 1183 420 1263 tamen,
437 1179 467 1246 si
484 1175 612 1266 qnando
628 1178 668 1245 de
686 1199 738 1244 me
755 1179 826 1264 ipso
845 1179 960 1264 refero,
978 1182 1016 1243 nt
1029 1178 1161 1265 ignotos
1175 1177 1317 1264 primurn

299 1265 459 1334 barbam
472 1267 624 1353 uiderim,
637 1270 675 1333 ut
687 1266 824 1334 infestus
838 1264 1080 1351 declinauerirn,
1094 1271 1133 1332 nt
1145 1266 1316 1333 dominen-

298 1355 391 1422 tibns
403 1354 569 1422 blanditus
582 1354 655 1440 eim,
667 1361 705 1422 nt
717 1353 863 1422 infideles
873 1355 1104 1442 praenituerim,
1117 1358 1154 1421 ut
1162 1354 1315 1421 insidian-

263 1452 281 1508 ι
299 1447 351 1514 tes
369 1444 631 1536 subterfugerim,
757 1465 811 1512 mo
829 1447 868 1512 ut
884 1450 1114 1562 persequentes
1131 1442 1166 1512 iu
1179 1444 1262 1512 mari
1276 1465 1314 1512 ae

299 1537 388 1605 saris
405 1536 603 1624 spiculisque
661 1539 818 1622 petentes,
835 1535 995 1603 menibus
1013 1535 1112 1602 etiam
1130 1557 1235 1622 paene
1247 1535 1314 1602 ium
1327 1564 1349 1606 ιι
1365 1555 1375 1597 ι

298 1625 576 1710 adprehendentes
594 1625 765 1710 repentina
781 1624 902 1690 nebula
917 1625 1130 1690 eirenmineus
1145 1624 1314 1709 eusserim,
1328 1644 1355 1685 re

221 1711 224 1716 ’
297 1717 434 1778 meme
455 1710 622 1777 audientes
645 1732 698 1776 me
719 1712 757 1776 in
776 1710 926 1777 laerimas
944 1710 1142 1776 commoneri
1160 1709 1260 1776 uelim
1279 1716 1314 1776 et

296 1799 417 1868 tacitus
447 1798 487 1868 de
515 1820 582 1867 non
608 1797 794 1879 delentibus
821 1796 964 1882 doleam,
993 1801 1147 1885 reputans
1175 1795 1314 1863 duritiae

261 1897 421 2046 'm
442 1887 607 2046 titt
622 1884 1313 2064 ttsssssitstm¹²⁰irfflt2½t3t
1326 1993 1355 2037 ι

296 2089 376 2136 narn
407 2067 490 2136 adiit
519 2069 750 2156 cruentumque
781 2065 869 2134 ultro
901 2065 1083 2153 domnum,
1113 2087 1154 2133 ne
1183 2063 1313 2134 hortm

297 2157 467 2245 exciperet,
489 2179 548 2243 per
561 2157 733 2245 Assyriam
748 2154 939 2244 Indiamque
957 2156 1130 2243 quaesiuit,
1151 2160 1312 2224 terrarum

297 2251 402 2315 metae
425 2248 568 2316 lustrans
591 2252 625 2313 et
646 2246 774 2333 utrique
797 2245 971 2312 infeliciter
993 2249 1091 2314 notus
1114 2242 1256 2314 Oceano:
1279 2251 1314 2313 et

296 2341 409 2404 tamen
439 2339 510 2404 tem
541 2335 704 2404 uiolentee
735 2334 940 2402 necessitatis
968 2334 1126 2402 memoria
1152 2335 1206 2402 uel
1233 2335 1313 2402 obli·

261 2425 395 2494 euione
422 2423 540 2493 deieeit
566 2425 618 2492 uel
645 2423 743 2492 niluit
769 2427 942 2491 uetustate„
988 2428 1022 2490 et
1047 2445 1109 2490 nos
1135 2428 1312 2511 perpetuae
1326 2441 1354 2484 se

296 2513 514 2584 reeordationi
539 2512 715 2582 haesurum
741 2517 908 2602 putemus,
940 2512 1027 2599 quod
1054 2512 1195 2600 plurime
1222 2514 1312 2582 orbis

296 2609 390 2692 parte
407 2627 521 2674 secura
537 2625 640 2673 nnurn
654 2627 694 2673 an
741 2605 809 2671 lum
823 2603 924 2692 ingan
937 2602 1022 2670 latro
1036 2601 1196 2670 uiolauit?
1218 2603 1312 2692 quasi

297 2715 376 2764 uero
402 2693 600 2763 Gutthurum
632 2697 666 2762 et
707 2693 871 2761 'ueterum
902 2713 1015 2780 paeem
1047 2696 1178 2760 utnon
1205 2691 1311 2762 diuam

298 2806 394 2852 uersa
414 2784 486 2874 nice
509 2783 610 2852 ludus
633 2783 686 2852 uel
701 2783 866 2870 Assyrius,
888 2782 944 2850 sed
963 2781 1063 2850 etiarn
1084 2783 1135 2849 uel
1153 2781 1232 2868 ipse,
1277 2783 1312 2851 ni

248 2883 284 2936 lu
299 2871 429 2942 hostem
459 2875 598 2978 patitur,
628 2871 796 2959 Hispanus
827 2873 978 2940 orauerit
1023 2876 1059 2939 at
1088 2892 1166 2939 uero
1197 2872 1224 2939 si
1255 2807 1312 2940 iila
1325 2893 1353 2936 aa

299 2961 477 3031 Alexandri
503 2965 653 3067 tempera
678 2959 839 3030 laudanda
865 2959 976 3049 potius
999 2967 1135 3049 propter
1156 2959 1312 3030 uirtutem

298 3072 362 3138 qua
390 3056 483 3120 totns
515 3053 604 3122 orbis
633 3051 800 3136 obtentus,
830 3072 929 3137 qnam
959 3049 1151 3118 detestande
1178 3056 1313 3137 propter

298 3139 426 3244 ruinam
412 3161 530 3297 turqutt
548 3144 639 3296 tons
670 3139 768 3295 orlbis·
791 3160 925 3242 querens
941 3142 1009 3293 hest
1035 3138 1232 3293 initiandae:
1262 3139 1312 3206 in·

298 3247 413 3298 uenren
557 3250 655 3298 nro
719 3249 816 3295 unnn
880 3248 914 3293 ιιι
964 3247 1021 3294 aee
1082 3247 1169 3293 nan
1238 3247 1311 3294 een·

301 3323 406 3404 aeaut,
431 3316 509 3405 quia
533 3315 641 3386 multa
666 3248 880 3386 uicerune’ei
900 3314 1050 3383 miserius
1078 3315 1217 3382 eliorum
1239 3313 1311 3382 feli·
1324 3330 1353 3377 ee

254 3409 286 3463 ¹¹
302 3405 431 3474 ensem
450 3427 543 3474 suam
560 3409 722 3493 reputent
754 3404 811 3472 sed
825 3404 912 3472 diest
925 3404 1110 3492 quisquam:
1127 3403 1185 3470 isti
1198 3401 1312 3470 hostes

302 3489 477 3567 &miae
495 3499 583 3566 sunt.
608 3493 870 3587 respondebitur:
887 3490 951 3563 hoe
969 3497 1004 3562 et
1015 3499 1095 3562 tune
1108 3493 1180 3561 tutu
1194 3489 1312 3560 orienti
