2750 3800
221 151 289 220 218
470 155 578 210 rum
596 153 719 210 030811
735 155 984 210 maronianum

221 299 381 368 immensa
419 297 589 370 bominum
624 299 721 369 caede
757 297 895 369 Caesare
931 302 1140 389 oppugnante
1176 299 1233 366 uix

221 411 260 456 ea
282 393 318 455 ta
339 393 412 456 est

163 483 205 544 12
259 413 411 546 pomer
423 477 561 547 Rumam
579 479 684 548 rediit
719 479 776 548 ubi
794 479 871 548 dum
888 479 1085 565 reipublicae
1107 482 1232 546 statum

222 571 337 636 eontra
359 569 507 655 exempla
528 569 688 636 maiorum
711 569 886 636 clementer
902 569 1072 654 maburti,
1093 569 1231 636 auctori·

221 655 283 722 bus
309 654 412 723 Bruto
440 661 474 723 et
501 654 638 742 emisio,
666 657 796 724 conscio
819 658 918 724 etiam
940 658 1081 743 plurimo
1104 660 1230 742 senatu,
1248 681 1270 722 a·
1284 675 1323 718 ue

220 745 255 828 iu
285 745 374 812 curia
404 745 524 833 uiginti
556 751 591 813 et
620 746 726 813 tribus
762 746 951 813 uulneribus
983 745 1151 814 confossus
1182 746 1230 812 iu·
1258 761 1271 800 ι

182 833 318 899 ’teriit
361 833 397 900 iu
423 856 488 919 qua
514 833 738 903 coniuratione
764 833 865 902 luisse
893 835 1033 920 amplius
1060 835 1231 922 sexaginta

219 920 368 988 conscios
389 921 508 988 ierunt.
545 921 608 990 duo
631 921 726 990 Bruti
749 927 782 990 et
800 920 836 991 G.
855 920 988 991 Cassius
1012 922 1131 1009 aliique
1149 923 1230 988 sccii

219 1008 342 1076 strictis
359 1010 557 1099 pugionibus
575 1011 610 1078 iu
623 1008 822 1099 Capitolium
840 1015 1052 1080 secesserunt
1084 1010 1139 1078 diu
1153 1010 1230 1078 deli·

220 1099 366 1164 berctum
385 1105 444 1183 est,
467 1103 575 1166 utrum
594 1096 792 1186 Capitulium
815 1121 888 1166 cum
911 1100 1099 1167 auctoribus
1121 1099 1228 1166 caedis
1244 1116 1270 1156 1⁰

113 1271 117 1280 Ι
180 1188 384 1270 sopor-teret
399 1185 536 1253 iucundi.
571 1207 688 1341 burgus
710 1187 780 1254 eius
802 1193 932 1274 raptum
955 1188 1094 1273 populus
1117 1187 1229 1254 dolore

217 1272 438 1339 instimulatus
465 1273 598 1340 infore
677 1275 817 1362 amentis
845 1275 1056 1342 tribunalium
1086 1296 1124 1342 ac
1155 1274 1229 1340 sub·

217 1360 382 1426 selliorum
405 1363 570 1428 cremauit

175 1453 199 1502 4
281 1445 471 1514 Percensuit
500 1447 705 1514 latitudinem
737 1450 830 1535 regni
861 1451 912 1515 aui
943 1448 1049 1515 Roma
1079 1448 1226 1515 cladibus

216 1533 284 1600 suis
307 1538 403 1620 atque
425 1534 572 1601 insuam
593 1557 750 1604 conuersa
766 1535 897 1604 eaedem
916 1536 1063 1623 singulae
1105 1556 1225 1622 casque
1241 1549 1267 1592 ιι

215 1625 329 1707 gentes
351 1621 482 1708 ibidem,
504 1622 562 1690 ubi
579 1624 714 1709 domuit,
736 1624 921 1692 uindicauit
956 1623 1056 1690 Asiae
1073 1558 1226 1709 duropae

214 1713 314 1795 atque
342 1710 484 1795 Africae,
513 1732 581 1778 nou
609 1711 682 1780 dico
712 1712 817 1780 tribue
847 1713 959 1779 muudi
989 1711 1139 1796 partibus
1168 1711 1225 1778 sed
1303 1729 1305 1735 ·

213 1798 294 1863 tetis
323 1796 593 1900 triumpartium
623 1796 760 1886 uulgalis
789 1799 890 1866 edidit
919 1798 1116 1884 gladiatores
1146 1819 1223 1865 suos
1241 1824 1264 1864 a
1277 1815 1317 1858 m

213 1883 402 1971 feriatisque
430 1885 570 1952 mimicis
599 1888 817 1972 spectaculum
846 1887 982 1953 miserae
1012 1886 1146 1953 ultionis
1176 1885 1223 1952 in·

175 1971 325 2058 egessit
350 1993 410 2040 uec
427 1977 537 2040 tamen
555 1974 674 2041 suffieit
692 1975 780 2061 ipsae
798 1997 926 2061 quoque
944 1996 1017 2041 cum
1036 1972 1224 2041 auctoribus
1237 1988 1265 2032 ὀ

212 2082 328 2128 causas
350 2061 452 2128 fuisse
475 2067 699 2148 consumptam
725 2063 869 2130 recidiua
896 2063 1021 2130 semina
1049 2063 1082 2129 in
1110 2061 1224 2129 ecdem

213 2169 293 2237 agre
315 2150 509 2238 germinant,
530 2173 648 2239 magna
670 2153 822 2220 continue
845 2151 1042 2219 metentibus
1064 2151 1224 2217 malorum

212 2239 412 2308 incrementa
434 2261 508 2308 cum
529 2262 650 2330 magua
674 2241 791 2310 sudore
816 2240 958 2310 lactura:
984 2239 1089 2309 aleier
1116 2238 1223 2308 ciuilis

212 2329 289 2396 belli
310 2351 332 2397 a
353 2329 478 2397 ciuibus
498 2326 619 2398 eumer
640 2331 804 2417 occiditur,
826 2333 860 2398 in
883 2331 1014 2399 eaedem
1037 2330 1133 2397 unius
1155 2333 1224 2396 tra-

174 2416 333 2485 cumam
355 2419 486 2507 agmina
509 2419 720 2488 consciorum.
764 2426 888 2489 certum
917 2421 1004 2487 enim
1031 2424 1116 2502 erat,
1145 2418 1261 2504 quiae

212 2504 333 2576 Caesar
357 2509 490 2597 indigue
516 2514 704 2598 peremptus
727 2509 836 2597 plures
859 2511 980 2579 babere
1004 2511 1116 2598 posset
1138 2508 1221 2576 ulto·

211 2620 277 2684 ηις
311 2597 512 2687 plurimaque
540 2599 696 2668 nobilitas
726 2622 792 2666 uua
820 2600 917 2668 simul
946 2604 1062 2667 eatena
1090 2598 1221 2666 sceleris

210 2687 394 2772 copulatur,
421 2708 463 2752 ue
489 2687 576 2756 forte
597 2692 692 2755 buta
713 2687 872 2755 maloram
894 2687 1031 2754 materia
1052 2709 1119 2754 non
1141 2685 1221 2752 belli

176 2773 1261 2950 cruiauiuussinuareturs:..

173 3023 176 3028 ,
209 2951 269 3018 cisi
287 2951 410 3019 muisse
427 2951 596 3039 arpentis,
618 2973 636 3020 e
655 2953 772 3040 quibus
790 2953 882 3038 quasi
905 2958 1079 3039 conpetens
1102 2949 1220 3019 semini
1253 2933 1259 2946 ⁸

209 3059 302 3126 aegea
329 3039 447 3106 amati
473 3038 620 3108 bomiues
648 3046 736 3108 terra
762 3042 953 3108 emerserint
981 3062 1114 3126 seseque
1143 3061 1219 3106 mcx

174 3125 346 3194 sinaitam
367 3127 543 3214 pugnando
564 3127 810 3214 prostraueriut
854 3127 1002 3214 equidem
1024 3127 1087 3195 hoc
1109 3130 1219 3213 poeta·

207 3235 280 3318 rum
302 3218 485 3282 commenta
502 3215 676 3319 duxeruut3
697 3218 812 3319 ababa
828 3220 937 3319 auum
956 3214 1062 3282 Rom
1079 3211 1218 3282 Caeam

206 3322 316 3460 bin-'2⁰1
343 3302 1258 3480 illit1i¹⁰i¹ltiliiimltaissiiff

206 3479 286 3550 tatis
312 3501 381 3550 acu
409 3479 545 3570 legenda
572 3479 683 3570 pueris
712 3481 770 3550 sed
798 3481 977 3570 spectanda
1004 3480 1134 3568 populis
1163 3501 1218 3548 ex·
1340 3529 1342 3576 Ξ

1269 3697 1342 3760 ,ι’
