2826 3784
440 127 636 182 anmnevu
653 129 818 183 eremos
836 131 861 182 v
879 133 904 184 a.
924 135 948 184 ⁴.
1144 127 1207 193 14‘1

104 299 128 342 e
140 285 181 330 Μ
265 267 300 338 'A
324 268 379 357 pio
403 267 539 339 Claudio
558 267 756 348 cersolio
775 267 909 339 Metello
932 271 1121 340 consulibus
1139 273 1206 358 Ap·
1225 281 1243 336 7

194 359 268 445 pius
291 291 446 426 &budius
469 359 625 425 aduersus
649 355 799 424 Salassos
822 358 934 426 Gallos
957 380 1150 448 congressus
1173 365 1208 428 et

193 447 300 516 uictus
318 447 461 536 quinque
479 447 570 516 milia
588 446 729 516 militum
742 445 891 533 perdidit.
923 455 1074 536 reparata
1086 470 1209 539 pugne,

194 537 336 626 quinque
358 537 451 606 milia
472 538 617 607 bostium
639 535 766 606 occidit
804 537 860 606 sed
884 559 957 606 oum
981 540 1072 608 iuxta
1094 541 1209 630 legem,

166 642 259 714 equa
285 628 498 695 constitutum
526 631 611 711 eret,
638 627 838 712 utquisque
866 629 1008 716 quinque
1035 630 1127 697 milia
1149 631 1208 698 ho-

192 715 293 780 stium
314 715 506 799 peremisset
523 712 745 801 triumphandi
763 713 899 782 haberet
906 721 1123 802 potestatem,
1144 718 1207 784 iste

80 855 83 862 .
214 823 320 888 noque
342 802 545 906 triumphum
569 801 756 889 expetisset,
781 807 916 889 propter
938 803 1107 890 superiore
1128 825 1206 872 uero

93 913 95 918 ¹
193 825 315 957 damna
345 911 410 957 nou
441 891 696 978 impetrauiaset,
728 888 844 956 infami
875 890 1077 979 impudentia
1107 897 1207 980 atque

191 979 371 1048 ambitione
393 1000 472 1046 usus
494 978 633 1066 priuatis
656 978 841 1064 sumptibus
863 979 1090 1067 triumphauit

152 1082 180 1126 ¹0
258 1067 295 1137 L.
321 1066 463 1138 caeeffio
492 1067 625 1138 Metello
655 1067 694 1148 Q.
716 1065 819 1136 Fabio
849 1067 991 1139 Maximo
1022 1069 1242 1139 Seruiliano⁸

191 1158 378 1226 consulibus
409 1159 496 1226 inter
527 1161 635 1226 cetera
666 1157 816 1246 prodigia
845 1159 1055 1248 androgynus
1082 1161 1207 1230 Romae

189 1247 281 1314 nisus
304 1247 394 1316 iussu
416 1247 623 1336 haruspicum
645 1247 679 1315 iu
703 1267 791 1315 mare
810 1268 935 1316 merens
953 1254 1013 1317 est.
1049 1250 1105 1318 sed
1122 1251 1205 1320 nihil

189 1337 310 1423 impiae
319 1337 515 1424 expiationis
530 1337 714 1423 procuratio
729 1335 882 1423 proiecit3
895 1360 973 1406 nem
987 1342 1081 1407 muta
1094 1341 1205 1408 subito

190 1425 377 1512 pestilentia
394 1431 508 1494 exorta
525 1430 585 1509 est,
607 1427 645 1491 ut
665 1425 809 1492 ministri
832 1448 961 1514 quoque
983 1427 1205 1496 faciendorum

150 1526 178 1571 ιι
191 1513 340 1581 funerum
367 1514 510 1602 primum
540 1536 607 1582 uon
635 1512 824 1582 sufficerent
850 1515 964 1584 deinde
991 1538 1059 1583 non
1081 1521 1204 1603 essent;
1338 1590 1339 1594 ,

189 1602 319 1759 itpumque
337 1603 437 1671 etiam
455 1599 594 1760 mtag'rlree
613 1603 728 1709 domus
746 1625 869 1761 uaerrtrge
887 1604 979 1761 uiui}¹
989 1606 1206 1765 pleeqaetffosrl

239 1714 255 1758 s
274 1713 486 1761 remanseran
506 1715 515 1760 r
623 1714 741 1760 sumac
760 1715 793 1761 rn
848 1715 937 1762 reum
979 1715 1066 1763 erer
1137 1718 1154 1764 s

188 1780 271 1848 nnlli
316 1782 424 1849 cuitus
441 1713 622 1849 heredebr.gl
622 1781 760 1868 denique
778 1783 845 1849 iam
863 1804 929 1851 non
948 1784 1053 1859 solum
1071 1785 1106 1851 in
1124 1787 1204 1853 urbe
1222 1789 1240 1840 θ

187 1869 286 1936 uiuen
311 1870 318 1886 '
347 1869 403 1937 eed
431 1871 532 1938 etiam
555 1869 836 1959 adpropinquendi
859 1871 900 1939 ed
923 1872 1037 1940 urbem
1059 1873 1202 1960 negaba·

147 1971 175 2018 ro
188 1961 243 2025 tur
260 1957 409 2045 incultas,
431 1965 500 2026 tam
519 1959 610 2027 saeui
627 1981 685 2046 per
702 1964 807 2028 totam
829 1960 944 2028 urbem
966 1961 1203 2031 tabescentium

187 2049 248 2114 sub
278 2048 373 2114 tectis
403 2052 500 2135 atque
532 2048 566 2114 in
599 2049 711 2116 abetis
743 2050 810 2124 suis
843 2049 1036 2118 cadauerum
1068 2056 1202 2138 putores

186 2134 432 2204 exhalabantur.

252 2222 408 2309 Expiatio
435 2223 495 2292 illa
516 2224 655 2292 crudelis
677 2230 712 2292 et
734 2225 823 2293 uiam
847 2227 1007 2294 mortibus
1031 2227 1199 2298 hominum
1219 2231 1254 2283 ¹⁰

186 2316 290 2380 morte
313 2311 455 2381 hominis
479 2317 605 2381 anneus
623 2313 755 2382 tandem
773 2315 931 2384 Romanis
948 2315 1034 2384 inter
1051 2318 1201 2386 miserias

96 2427 120 2470 r·
132 2413 174 2459 m
188 2423 264 2470 suas
283 2401 555 2488 erubescentibus,
574 2425 672 2491 quam
694 2402 820 2472 misere
838 2409 872 2472 et
888 2427 974 2473 uana
991 2412 1088 2495 esset,
1109 2407 1200 2476 inno·

144 2505 171 2549 Ν
184 2490 258 2559 tuit.
303 2494 380 2558 ente
408 2491 495 2560 euim
524 2492 560 2559 in
589 2493 781 2581 suffragium
810 2496 1067 2582 praeueniendee
1096 2497 1199 2566 cledis

183 2585 234 2650 eet
251 2579 376 2668 habita,
393 2585 428 2650 et
445 2582 492 2650 sio
510 2581 700 2670 pestilentia
716 2590 892 2652 consecuta
909 2589 973 2673 est;
992 2607 1075 2674 quae
1088 2593 1200 2656 tamen

183 2671 254 2739 sine
284 2671 361 2739 ullis
394 2672 626 2740 sacrificiorum
658 2673 938 2744 satisfactionibus
970 2678 1198 2748 tantummodo

182 2761 357 2831 secundum
377 2783 564 2832 mensurum
582 2764 692 2832 ercam
710 2763 821 2833 iudicii
844 2766 974 2854 expleta
995 2768 1198 2857 correptione

141 2867 169 2911 υ
182 2851 296 2920 sedata
310 2856 370 2920 eet
395 2875 494 2941 quam
509 2853 538 2920 si
552 2853 691 2921 artifices
709 2855 760 2921 illi
773 2856 1085 2925 circumuentionum
1100 2858 1196 2926 beru·
1211 2862 1248 2914 1¹

181 2941 286 3031 apices
300 2941 361 3009 sub
379 2940 451 3030 ipsa
468 2946 507 3009 nt
519 2942 668 3011 adsolent
680 2941 897 3012 declinatione
909 2945 1098 3014 morborum
1111 2947 1196 3017 torte

180 3031 409 3119 celebrassent,
431 3033 544 3136 procul
566 3031 666 3101 dubio
689 3033 754 3101 sibi
778 3033 829 3102 dis
854 3039 888 3102 et
910 3035 1029 3104 ritibus
1054 3037 1123 3106 suis
1146 3059 1195 3106 re·

109 3179 113 3186 .
179 3120 295 3190 ductae
309 3120 619 3208 sanitats'gloriam
637 3121 866 3192 uindicassent.
902 3125 950 3192 ita
967 3126 1088 3192 misera
1105 3127 1194 3194 etad

179 3210 353 3298 sacrilegia
370 3210 455 3277 male
472 3208 627 3299 religiosa
645 3210 762 3279 ciuitas
780 3212 966 3301 mendaciis,
984 3214 1102 3303 quibus
1116 3215 1195 3283 libe·

137 3313 165 3360 ea
178 3298 245 3367 rari
267 3321 335 3368 non
356 3303 501 3387 poterat,
523 3297 704 3369 ludebatur.

244 3386 351 3476 Igitur
372 3385 492 3457 Fabius
515 3391 629 3458 consul
652 3395 768 3458 contra
784 3387 958 3460 Lusitanos
981 3397 1015 3461 et
1027 3391 1191 3462 Viriatum
1210 3395 1245 3452 ¹¹

177 3475 336 3543 dimicem
358 3475 511 3544 Bnociam
535 3479 705 3565 oppidum,
727 3481 814 3566 quod
836 3478 985 3549 Viriatus
1008 3482 1191 3570 obsidebat,

976 3581 1030 3641 ro*
