2820 3778
329 104 526 160 ADVSBSW
543 103 708 160 PASANOS
726 104 782 158 nn
801 107 916 160 18-16.
1078 99 1142 167 123

129 213 244 316 deindo
267 247 436 315 obsidione
458 248 598 314 omomm
620 250 655 312 ct
676 245 764 312 ieme
786 247 1002 314 excruciatam
1019 247 1143 312 omnia·

129 359 191 422 qne
217 336 347 403 fortiter
377 335 653 422 contemplatione
675 333 765 419 fidei,
786 357 886 421 quam
907 333 1065 403 Romanis
1088 333 1144 400 de-

128 427 297 508 nonerant,
319 422 421 526 digna
441 423 511 489 indi
600 445 640 488 ue
662 421 858 490 tolerantem
878 425 994 490 octauo
1013 421 1142 488 demum

127 534 237 580 mense
265 512 393 580 deleuit
437 512 564 600 legatos
638 532 810 580 manorum
832 511 875 578 ad
896 532 932 579 se
953 510 1071 579 missos
1093 510 1178 576 ind
1310 494 1329 554 ἶ·
1382 533 1383 604 ζ

98 600 339 669 sinriosissime
366 601 467 669 etiam
489 623 510 667 s
532 605 708 757 oonsgoctu
730 622 789 669 suo
812 599 982 668 ebetinnit
1027 598 1177 667 exindes
1311 624 1315 734 ἱ

124 690 200 758 odio
217 689 360 758 Romani
375 690 528 776 nominis,
546 711 610 776 quo
650 690 739 777 petri
756 688 946 777 Hamilcari,
963 710 1037 756 cnm
1055 689 1143 756 esset

123 801 243 848 nonem
257 800 361 848 annm
375 784 483 865 notus,
500 779 689 847 fidelissimo
703 779 785 847 elias
802 778 1045 847 infidelissimus
1064 779 1141 844 ente

124 891 200 938 aras
222 869 402 954 ius-auersi,
424 866 460 936 P.
483 865 635 936 Cornelio
659 867 810 954 Scipione
833 873 868 937 et
889 866 926 936 P.
948 863 1141 954 Sempronio

124 957 239 1046 Longo
258 957 447 1026 oonsulibus
461 956 646 1045 Pyrenaeos
664 962 793 1026 montes
811 963 1037 1045 transmenso
1054 956 1142 1023 inter

84 1064 111 1107 ¹⁰
124 1047 342 1115 ferocissimae
372 1045 542 1115 Gallorum
571 1051 685 1134 gentes
715 1045 802 1116 ferro
831 1046 921 1114 uiem
951 1045 1079 1131 spernit
1107 1047 1141 1112 et

123 1158 210 1205 nono
233 1135 365 1204 demum
388 1135 438 1203 die
461 1158 483 1204 a
504 1134 672 1223 Pyrenaeo
696 1135 737 1204 sd
760 1135 862 1223 Alpes
890 1134 1055 1223 peruenit,
1082 1133 1176 1203 nbis
1314 1096 1317 1172 ἶ
1382 1211 1383 1240 ἶ

123 1226 200 1294 dum
218 1229 393 1293 montanos
411 1222 537 1310 Gallos,
554 1226 709 1311 repellere
728 1224 771 1292 sb
789 1247 926 1292 ascemu
943 1223 1138 1310 obnitentes,

122 1313 209 1381 bello
231 1317 365 1400 superet
387 1317 483 1400 etque
506 1313 612 1382 innius
635 1335 733 1400 rupes
755 1314 827 1401 igni
849 1314 999 1400 ferroque
1017 1313 1138 1380 rescin-

122 1403 186 1487 dit,
212 1402 427 1490 quadriduum
454 1406 672 1470 commoratus
701 1403 815 1489 quinto
837 1402 968 1471 demum
989 1400 1042 1470 die
1063 1423 1138 1469 oum

82 1508 109 1552 o
122 1491 264 1559 msximo
291 1491 402 1559 lobore
430 1491 472 1559 sd
498 1493 598 1578 plens
625 1492 782 1578 peruenit
827 1491 927 1559 luisse
950 1495 1028 1558 tuno
1051 1510 1173 1562 exer-s
1382 1527 1383 1600 ᾗ

32 1608 56 1651 s
68 1596 109 1640 sss
122 1581 224 1647 citum
245 1581 315 1648 cine
337 1581 373 1647 in
393 1584 524 1648 centum
541 1580 674 1648 milibus
692 1579 837 1668 peditum
855 1584 888 1647 el
907 1577 1035 1666 uiginti
1052 1578 1138 1647 mili-

122 1669 184 1738 bus
212 1668 360 1757 oquitnm
386 1669 552 1740 definiunt
598 1665 708 1758 Scipio
735 1670 849 1739 consul
872 1667 1051 1737 Hannibali
1073 1668 1175 1754 pri-s

121 1782 194 1828 mus
217 1760 359 1827 occurrit
380 1758 617 1847 commissoque
640 1759 764 1847 proelio
787 1759 874 1847 opud
892 1759 1044 1827 Ticinum
1066 1758 1137 1844 ipse

122 1849 268 1934 grauiter
298 1849 487 1916 eunomus
518 1869 577 1934 per
606 1845 792 1934 Scipionem
824 1849 926 1916 filium
961 1845 1137 1916 admodum

81 1939 376 2095 sopgeetextstum,
405 1959 477 2094 (firgo
490 1939 568 2023 post
596 1935 770 2042 Africanus
799 1937 1049 2092 ⁶⁰ssl⁰¹¹²¹¹lgi¹¹⁵
1078 1940 1139 2040 est,

121 2029 423 2203 {elinxit
452 2030 864 2205 „gilduinum
878 2032 1006 2183 llll
1023 2045 1174 2184 llll,

122 2205 255 2274 consule
284 2202 326 2272 sd
355 2203 477 2272 flumen
504 2201 659 2272 Tronism
687 2205 869 2293 iterumque
896 2204 1038 2273 Romani
1068 2203 1140 2292 puri

121 2293 214 2363 clsde
228 2317 267 2363 su
294 2293 373 2398 1⁸5³
386 2300 472 2364 sunt.
495 2290 707 2382 Sempronius
720 2294 835 2399 consol
848 2295 980 2399 cognito
994 2293 1140 2383 collegae

82 2401 110 2446 ss
123 2406 201 2451 cusu
224 2405 244 2450 s
291 2383 379 2449 scilia
400 2404 475 2450 cum
497 2383 640 2450 exercitu
663 2383 774 2470 redut,
801 2384 857 2470 qni
870 2384 1032 2452 ¹similitor
1053 2383 1140 2470 spnd

123 2471 262 2540 eundem
293 2471 429 2540 fluuium
461 2492 671 2558 congressos,
708 2472 829 2540 emisso
862 2473 1005 2541 exercitu
1036 2493 1139 2560 paene

124 2561 214 2629 solna
237 2561 351 2631 erosit
387 2560 423 2628 in
445 2582 484 2629 eo
506 2563 618 2628 nmen
640 2561 729 2629 bollo
753 2562 852 2628 etiam
874 2559 1043 2629 Hannibal
1067 2583 1140 2629 ssu·

123 2650 228 2718 oistus
251 2654 311 2717 est
356 2649 412 2738 qni
433 2654 562 2737 postes,
589 2671 663 2718 oum
686 2650 722 2718 in
744 2649 911 2719 Etruriam
934 2651 1040 2738 primo
1062 2670 1175 2724 neres
1320 2689 1323 2697 ·

123 2739 292 2826 transiret,
318 2738 355 2808 in
377 2761 503 2808 mmmo
527 2738 722 2826 Appennino
744 2743 941 2827 tempestate
963 2741 1140 2828 correptus,

82 2848 110 2891 ss
122 2828 222 2896 biduo
244 2829 399 2897 mntinno
428 2829 626 2896 inmobiliter
648 2850 723 2896 oum
745 2829 889 2897 exercitu
910 2829 1042 2897 niuibus
1064 2850 1140 2897 con·

122 2916 232 2984 clusus
255 2920 289 2983 ot
310 2921 448 2985 onustus
466 2915 622 3005 obriguit
656 2917 716 2984 nbi
736 2937 875 3005 magnus
892 2915 1063 2984 hominum
1080 2937 1140 2984 nn·

123 3027 246 3093 merus,
275 3004 421 3074 iumenta
449 3005 666 3093 conplurims,
698 3005 863 3094 elephanti
891 3027 996 3093 pseue
1025 3025 1139 3074 omnes

122 3095 255 3184 frigoris
274 3095 451 3163 acerbitate
469 3095 644 3181 perierunt
675 3101 711 3161 st
728 3116 806 3163 uero
825 3096 909 3162 ulter
925 3099 1004 3162 tnnc
1017 3092 1138 3182 Scipio,
1155 3115 1173 3167 s

122 3180 226 3250 iratsr
252 3181 397 3251 considis
424 3179 602 3268 Scipionis,
630 3181 665 3250 in
691 3179 854 3268 Hispanis
883 3182 1025 3268 plurima
1053 3183 1141 3250 bella

81 3288 110 3332 ss
123 3269 235 3358 gessit,
249 3267 434 3424 {nugonem
457 3291 585 3358 qnoque
607 3267 789 3337 Poenorum
811 3269 926 3338 ducem
948 3271 1036 3339 bello
1058 3269 1140 3338 nioit

123 3364 158 3425 et
179 3378 215 3425 oe
238 3357 250 3424 i

35 3461 115 3513 sess
195 3441 1193 3534 lmstmoeumnommiprodigiistsrritismtss
1257 3543 1258 3546 Ἴ
1344 3432 1349 3522 i

27 3673 51 3739 'u
