2744 3800
54 67 57 111 i

53 122 58 179 l

53 184 58 211 i

218 117 314 214 ¹250
495 149 604 204 raum
622 150 744 204 oaosrr
761 149 1010 204 msromssvu

245 314 305 378 per
325 297 431 359 totum
455 292 566 358 orbem
588 292 749 358 uberrime
772 293 985 378 germinante,
1007 291 1069 359 boc
1092 295 1259 378 tamquam

247 379 377 446 ereum
400 401 438 446 so
461 400 598 446 uacuum
620 379 863 466 nullique'usui
881 380 968 445 bono
986 379 1191 446 commodum
1210 401 1261 446 ar·

210 477 229 530 a
247 466 347 533 bitrio
369 465 431 534 Dei
453 467 664 534 auferendum
689 465 767 534 'luit
811 465 921 553 itaqua
943 466 1052 551 Titus,
1082 469 1260 553 imperator
1277 491 1332 536 aa

54 522 57 569 ἶ
182 630 187 639 ,
249 555 292 622 ab
321 555 465 622 exercitu
494 557 736 643 pronuntiatus,
769 555 927 640 templum
959 555 995 623 iu
1024 553 1259 640 Hierosolymis

247 642 391 710 incendit
408 665 447 710 cc
464 643 573 727 diruit,
590 645 675 730 quod
693 666 714 709 a
732 642 783 710 dic
801 644 998 710 conditionis
1016 643 1140 730 primas
1158 657 1286 730 usques

248 729 289 796 ad
312 731 398 799 diem
420 730 598 798 euersiunis
621 732 753 798 ultimae
775 735 942 798 manserat
964 731 1059 798 annis
1077 730 1167 799 mille
1185 753 1259 798 cen·

247 824 318 886 tnm
332 825 366 888 et
378 817 513 888 duobus.
542 821 758 889 murosurbis
776 819 947 887 uniuersos
965 821 1037 887 solo
1056 819 1260 909 adaequauit
1321 891 1327 908 ,

212 913 400 976 tseacenta
422 910 512 976 milia
529 907 722 976 ludaeorum
740 931 780 976 eo
797 910 883 977 bello
900 909 1072 977 interiecta
1090 908 1259 978 cornelius

248 999 283 1062 et
304 994 478 1065 Suetonius
500 997 658 1083 referunt3
684 995 842 1083 Iosephus
870 1018 947 1064 uero
969 995 1123 1083 Iudaeus,
1150 999 1205 1084 qui
1228 998 1259 1063 ei

247 1087 327 1152 tnnc
349 1085 434 1152 bello
456 1084 598 1171 praefuit
614 1089 649 1152 et
666 1086 752 1173 apud
766 1085 1003 1173 Vespasianum
1020 1091 1152 1173 propter
1169 1107 1259 1173 prae·
1274 1103 1300 1146 ιο

248 1173 372 1241 dictum
389 1173 560 1260 imperium
579 1175 710 1242 ueniam
729 1175 934 1263 gratiamque
952 1181 1124 1260 meruerat,
1146 1174 1261 1242 scribit

247 1262 400 1330 undecies
413 1268 550 1332 centens
563 1265 655 1332 milia
672 1264 781 1352 gladio
800 1270 835 1330 et
852 1263 938 1331 tame
957 1265 1088 1352 perisse,
1105 1264 1259 1352 reliquias

247 1373 327 1420 nuo
344 1352 536 1434 Iudaeorum
555 1353 693 1421 diuersis
711 1357 802 1421 actas
821 1353 1064 1422 condicionibus
1086 1359 1158 1421 toto
1181 1353 1259 1420 orbe

246 1440 426 1529 dispersas:
448 1466 586 1532 quarum
603 1466 757 1512 numerus
775 1443 817 1512 ad
838 1443 1019 1533 nonaginta
1040 1443 1133 1512 milia
1154 1442 1259 1512 homi·

209 1534 327 1600 ⁸num
355 1531 457 1599 iuisse
484 1539 645 1602 uantur.
689 1532 909 1621 Vespasianus
939 1539 973 1602 ct
999 1532 1092 1602 Titus
1122 1534 1258 1621 impera·
1272 1550 1299 1594 rs

245 1624 334 1688 lorea
352 1621 596 1709 magnificamus
620 1626 712 1690 entes
726 1623 766 1690 de
779 1622 907 1690 Iudaeis
925 1622 1128 1708 triumphum
1145 1623 1259 1689 urbem

245 1708 387 1795 ingrcssi
418 1714 504 1777 sunt
554 1734 576 1798 p
612 1710 726 1778 ebrum
758 1716 791 1778 ct
822 1710 971 1799 ignotum
1004 1715 1101 1778 antea
1133 1712 1257 1778 cunctis

244 1797 440 1866 mortalibus
472 1799 558 1865 inter
584 1803 745 1866 trecentos
772 1799 893 1887 uiginti
919 1799 1115 1886 triumphos,
1145 1800 1201 1886 qui
1231 1797 1258 1865 la
1275 1819 1332 1868 ssu

246 1885 431 1953 conditione
453 1887 544 1953 urbis
566 1908 667 1973 usque
689 1887 725 1954 in
753 1887 786 1954 id
813 1891 943 1974 tempus
970 1889 1035 1954 acti
1063 1891 1169 1971 erant,
1195 1886 1258 1954 boc

246 1974 467 2060 spectaculum
497 1974 576 2061 fnit,
611 1978 738 2063 patrem
770 1980 804 2042 et
834 1975 938 2041 filium
970 1997 1035 2042 uno
1066 1973 1258 2060 triumphati
1271 1992 1298 2035 so

245 2083 341 2131 curru
369 2067 482 2132 uector
511 2063 781 2152 gloriosissimam
811 2062 853 2132 ab
883 2062 949 2150 luis,
979 2064 1035 2152 qui
1063 2063 1195 2132 Patrem
1224 2067 1258 2131 et

210 2149 365 2220 aFilium
383 2152 593 2239 offenderant
610 2153 781 2223 uictoriam
799 2158 991 2240 reportasse.
1028 2155 1085 2242 qui
1103 2154 1257 2223 continuo

244 2242 394 2311 omnibus
416 2242 511 2311 bellis
534 2265 573 2313 ao
592 2244 785 2311 tumultibus
803 2243 891 2310 domi
909 2241 1055 2331 forisque
1073 2245 1257 2332 conpressis

243 2352 358 2418 paoem
384 2332 486 2400 totius
513 2332 604 2401 orbis
631 2333 925 2421 pronuntiauerunt
952 2336 985 2399 st
1012 2331 1126 2400 Ianum
1154 2333 1255 2421 gemi-

243 2443 322 2490 num
354 2422 514 2490 obseratis
546 2421 690 2491 cobiberi
723 2422 873 2491 claustris
905 2427 1000 2489 sexto
1026 2421 1159 2490 'demum
1191 2423 1255 2511 ipsi
1269 2437 1296 2483 κ

287 2517 319 2578 st
348 2511 462 2579 urbem
496 2509 667 2580 'conditam
699 2516 902 2580 censuerunt.
950 2512 1019 2578 iura
1051 2513 1137 2579 anim
1169 2512 1254 2579 idem
1273 2529 1332 2582 st·

267 2621 348 2676 onos
366 2600 485 2668 ultioni
503 2601 663 2688 passionis
682 2600 816 2669 Domini
834 2601 989 2688 inpensus
1006 2604 1065 2685 est,
1083 2602 1138 2688 qui
1156 2601 1256 2668 etiam

55 2751 56 2758 ,
193 2699 228 2751 1⁰
244 2688 412 2757 natiuitati
442 2689 549 2757 fuerat
579 2691 771 2758 adtributus.
820 2695 900 2757 tuno
931 2689 1047 2757 deinde
1079 2689 1149 2757 sina
1180 2691 1256 2758 ullis

242 2776 403 2846 bellormn
425 2778 619 2846 tumultibus
641 2779 675 2846 in
698 2779 882 2846 inmensum
904 2778 1088 2865 respublica
1106 2778 1255 2846 Romam

265 2865 446 2935 rouelritnrr
468 2868 626 2974 siquidem
645 2866 770 2936 Achaia
787 2866 888 2955 Lycia
906 2867 1039 2936 Rhodus
1059 2867 1255 2955 Byzantium
1268 2886 1296 2930 so

320 2979 358 3025 as
398 2955 539 3027 'l'lrrscm
578 2954 693 3027 Cilicis
731 2954 951 3048 Commagena
991 2961 1070 3027 tnnc
1114 2957 1254 3046 primurn

240 3045 390 3116 redwtsa
416 3048 457 3116 in
479 3048 663 3136 prouincias
690 3047 848 3117 Romanis
876 3047 1036 3118 iudicibus
1050 3048 1254 3137 legibusque

188 3235 222 3285 aa
240 3141 534 3292 wffilm
554 3225 684 3310 imperii
704 3226 773 3293 aius
793 3247 879 3293 anno
899 3231 967 3293 tres
985 3224 1254 3329 ciuitatesssypri

241 3317 349 3378 terrae
362 3317 455 3379 motu
469 3317 659 3380 sonuerunt
672 3318 707 3380 et
715 3312 840 3381 Romm
853 3333 974 3399 magns
987 3313 1174 3399 pestilentia
1182 3312 1254 3380 tuit
1267 3331 1294 3374 ss

189 3408 225 3461 aa
243 3397 466 3488 Vespasianus
486 3404 596 3468 autam
613 3401 649 3468 in
665 3400 747 3468 nilla
764 3401 898 3487 propria
915 3401 1000 3469 circa
1013 3399 1153 3468 Sabinos
1167 3422 1253 3468 nono

244 3509 331 3556 anno
351 3487 556 3575 principatus
578 3489 630 3557 sni
652 3489 816 3576 profluuio
837 3490 961 3557 uentris
982 3493 1034 3556 cat
1054 3493 1211 3559 mortuus.

1295 3731 1332 3774 A
