2800 3790
315 145 510 199 anvnnsvsr
528 145 694 201 proauos
711 147 754 214 1¹1.
774 150 887 204 ιι-ιι.
1061 143 1103 212 31
1170 109 1172 112 ’
1283 166 1286 181 ·

95 289 538 444 ii‘rpffiiifflitdiiiii
551 289 745 445 idisti
758 289 1109 445 irretetis}

97 398 325 532 msldggrdine
348 465 516 549 sequentis
539 465 701 550 suspendo
724 466 904 552 paulisper,
930 466 1025 532 utin
1048 465 1109 532 hoc

97 554 168 618 loco
191 572 251 635 pro
273 552 502 617 conuenientia
525 557 709 636 temporum
731 551 880 619 Romana
902 553 1070 618 subiciam.

57 657 72 699 a
164 638 261 704 Anno
279 639 321 703 sb
344 639 424 704 urbe
442 638 574 704 condite
591 653 766 705 ccccxxvr
785 638 947 704 Caudinas
965 639 1144 705 mroulcss

98 725 178 792 satis
211 725 353 790 celebrer
385 731 419 791 et
446 725 591 793 famosas
618 725 757 812 insignis
784 724 1005 792 Romanorum
1033 725 1111 792 fecit

97 814 242 880 infamia
277 834 356 879 nam
374 833 448 880 eum
467 815 633 898 superiore
649 813 734 881 bello
748 813 867 900 uiginti
881 813 971 880 milia
984 809 1110 878 Samni·

96 908 166 966 tum
186 901 288 967 Fabio
312 901 471 987 magistro
494 903 639 986 equitum
661 922 805 988 pugnam
824 904 1014 967 conserente
1033 900 1112 966 ceci·

98 989 234 1073 dissent,
264 989 544 1076 circumspectiore
571 1010 650 1056 cura
671 987 833 1055 Samnites
862 1010 901 1055 ac
927 1010 961 1055 m
1008 989 1033 1054 'r
1062 988 1112 1054 in·

58 1083 220 1144 restructo
243 1083 402 1164 apparatu
425 1077 511 1164 apud
530 1077 693 1144 Caudinae
716 1057 861 1145 furcula}
881 1097 979 1144 conse
1001 1080 1111 1165 ernnt3

15 1197 31 1236 r·
45 1167 153 1232 rnnbi
182 1188 255 1233 curn
280 1164 461 1233 ¹Veturinm
483 1171 516 1232 et
538 1165 742 1234 Postumium
764 1166 913 1232 eonsules
936 1175 1147 1252 omnesques

98 1255 208 1342 copias
231 1254 453 1322 Romanorum
481 1255 643 1342 angustiis
670 1255 813 1322 locorum
840 1253 1001 1340 armisque
1024 1254 1112 1320 elan·

98 1343 226 1429 sissent,
244 1343 380 1412 Pontius
399 1344 462 1410 dux
482 1367 593 1412 eorum
612 1343 644 1411 in
663 1348 791 1411 tantum
810 1343 931 1412 abusus
945 1347 995 1410 est
1008 1341 1110 1412 uicto·
1252 1387 1254 1390 -

97 1435 165 1503 rius
184 1435 367 1521 securitate,
384 1439 423 1503 nt
438 1433 638 1503 Herennium
657 1438 783 1523 putrem
801 1433 1035 1503 consulendum
1052 1456 1110 1522 pu·

58 1529 194 1610 rotaret,
216 1529 326 1593 utrum
349 1526 509 1594 occideret
532 1527 660 1594 clausos
682 1547 726 1594 en
747 1529 896 1612 parceret
914 1525 1112 1613 subiupstis:

97 1619 135 1680 nt
157 1616 251 1681 uiuos
274 1620 384 1681 temen
408 1614 557 1682 dedecori
580 1619 770 1698 reserusret,
792 1614 901 1700 clepit
945 1613 1147 1680 Romanost

99 1702 183 1768 enim
203 1706 300 1768 antea
318 1703 507 1788 saepissime
525 1702 612 1769 uinci
631 1707 665 1770 et
683 1701 795 1782 occidi,
812 1723 988 1787 numquam
1002 1705 1110 1767 autem

97 1790 776 1967 etit.'teditztctmtttit
792 1791 974 1948 tetii
991 1788 1147 1947 tid*

55 1983 84 2026 ro
97 1987 177 2033 num
202 1969 340 2052 turpiter
362 1973 494 2052 captum
517 1969 618 2033 armis
641 1969 740 2035 etiam
763 1968 1030 2053 uestimentisque
1052 1989 1111 2032 nu·

96 2053 218 2139 datum,
240 2057 369 2121 tantum
387 2055 526 2144 singulis
545 2055 714 2123 nilioribus
734 2055 943 2142 operimentis
961 2056 1003 2121 ob
1023 2077 1110 2122 nere·

95 2143 200 2209 cunda
219 2164 392 2229 corporum
411 2142 550 2232 tegenda
569 2144 741 2231 concessis,
764 2144 824 2212 sub
843 2143 956 2232 iugum
975 2143 1110 2212 missum

95 2230 294 2318 seruitioque
317 2232 507 2314 subiectum,
529 2233 663 2319 longum
687 2252 785 2319 agere
800 2254 942 2336 pompae
961 2233 1108 2338 ordinem

55 2423 82 2466 ι
94 2321 1143 2495 temti”testitittt‘trtttkl''citetis⁸

95 2517 214 2563 uacum
238 2496 389 2564 consules
412 2497 614 2564 remiserunt.

161 2583 245 2664 Quid
268 2585 307 2653 de
327 2585 554 2674 exaggeranda
570 2586 666 2654 huius
684 2585 863 2654 foedissimi
884 2585 1020 2656 foederis
1039 2609 1105 2655 ma·
1127 2599 1142 2651 τ

15 2643 19 2810 k
95 2673 168 2741 culs
184 2674 293 2743 uerbis
312 2674 466 2760 laborem,
484 2675 539 2762 qni
552 2680 660 2743 tsoere
674 2675 886 2743 maluissem?
908 2676 1006 2745 hodie
1020 2677 1107 2745 enim

15 2815 19 2834 .
95 2761 234 2830 Romani
257 2767 314 2831 aut
332 2764 464 2833 omnino
484 2785 551 2832 non
570 2768 679 2832 essent
696 2769 754 2832 sut
768 2763 901 2833 Samnio
919 2765 1108 2834 dominante

15 2843 19 2926 i
56 2867 84 2909 ιο
97 2854 268 2938 seruirent,
290 2853 319 2920 ei
341 2853 438 2920 fidem
461 2852 612 2939 foederis,
635 2875 731 2942 quam
756 2853 819 2922 sibi
842 2855 964 2923 seruari
989 2877 1010 2923 s
1031 2856 1108 2925 sub-

15 2929 19 3022 i
94 2939 186 3011 iectis
209 2943 332 3029 uolunt,
354 2942 419 3031 ipsi
442 2942 580 3011 subiecti
603 2941 805 3012 Samnitibus
827 2945 1058 3015 seruauissent

160 3031 344 3101 Posteriore
366 3054 452 3102 suno
475 3033 661 3125 infringunt
683 3033 823 3103 Romani
846 3035 1007 3104 firmatam
1030 3047 1141 3106 cume

94 3119 294 3194 Samnitibus
316 3122 501 3213 pactionem
524 3145 643 3216 sosque
665 3125 700 3194 in
722 3123 842 3193 bellum
865 3131 998 3216 cogunt,
1020 3127 1106 3218 quod

93 3209 224 3303 Papirio
248 3215 380 3285 consule
402 3213 575 3284 insistente
593 3216 802 3285 commissum
821 3237 959 3306 magnas
977 3223 1105 3309 strages

53 3317 79 3360 ¹⁶
91 3307 195 3374 utrius
218 3327 260 3373 ne
278 3305 391 3393 populi
409 3304 505 3372 dedit
537 3328 610 3374 cum
628 3307 704 3374 hine
722 3307 772 3373 ira
789 3308 930 3375 recentis
943 3308 1096 3377 infensius
1123 3321 1140 3373 t

15 3361 18 3434 7
89 3390 164 3465 inde
187 3329 292 3484 gioria
313 3393 481 3480 proximae
500 3395 655 3464 uictoriae
673 3399 860 3484 pugnantes
877 3361 1106 3486 instimularet:

88 3483 221 3554 taudem
249 3479 390 3550 Romani
418 3485 629 3570 pertinaciter
657 3485 825 3554 moriendo
855 3485 1016 3576 uicerunt;
1045 3510 1105 3558 nec

141 3599 247 3645 Onorm
261 3603 300 3634 nn.
313 3593 514 3642 zrsornrrrrs.
927 3597 944 3648 8
