<?xml version="1.0" encoding="UTF-8"?>
<!DOCTYPE html PUBLIC "-//W3C//DTD XHTML 1.0 Transitional//EN"
    "http://www.w3.org/TR/xhtml1/DTD/xhtml1-transitional.dtd">
<html xmlns="http://www.w3.org/1999/xhtml" xml:lang="en" lang="en">
 <head>
  <title>
</title>
<meta http-equiv="Content-Type" content="text/html;charset=utf-8" />
  <meta name='ocr-system' content='tesseract 3.04.00' />
  <meta name='ocr-capabilities' content='ocr_page ocr_carea ocr_par ocr_line ocrx_word'/>
</head>
<body>
  <div class='ocr_page' id='page_1' title='image "./pavliorosiihist01orosgoog_0189.png"; bbox 0 0 2806 3788; ppageno 0'>
   <div class='ocr_carea' id='block_1_1' title="bbox 41 787 1072 1012">
    <p class='ocr_par' dir='ltr' id='par_1_1' title="bbox 41 787 1072 1012">
     <span class='ocr_line' id='line_1_1' title="bbox 41 787 816 876; baseline -0.018 0"><span class='ocrx_word' id='word_1_1' title='bbox 41 825 117 876; x_wconf 73' lang='lat' dir='ltr'><strong>aru</strong></span> <span class='ocrx_word' id='word_1_2' title='bbox 458 789 613 865; x_wconf 84' lang='lat' dir='ltr'><strong>PAVLI</strong></span> <span class='ocrx_word' id='word_1_3' title='bbox 640 787 816 864; x_wconf 81' lang='lat' dir='ltr'><strong>OROSII</strong></span> 
     </span>
     <span class='ocr_line' id='line_1_2' title="bbox 201 925 1072 1012; baseline -0.009 0"><span class='ocrx_word' id='word_1_4' title='bbox 201 931 534 1012; x_wconf 79' lang='lat' dir='ltr'><strong>HISTORIARVM</strong></span> <span class='ocrx_word' id='word_1_5' title='bbox 560 929 822 1006; x_wconf 79' lang='lat' dir='ltr'><strong>ADVERSVM</strong></span> <span class='ocrx_word' id='word_1_6' title='bbox 849 925 1072 1006; x_wconf 80' lang='lat' dir='ltr'>PAGANOS</span> 
     </span>
    </p>
   </div>
   <div class='ocr_carea' id='block_1_2' title="bbox 464 1089 1199 1197">
    <p class='ocr_par' dir='ltr' id='par_1_2' title="bbox 464 1089 1199 1197">
     <span class='ocr_line' id='line_1_3' title="bbox 464 1089 1199 1197; baseline -0.007 -43"><span class='ocrx_word' id='word_1_7' title='bbox 464 1093 590 1154; x_wconf 79' lang='lat' dir='ltr'>LIBER</span> <span class='ocrx_word' id='word_1_8' title='bbox 612 1089 809 1163; x_wconf 78' lang='lat' dir='ltr'><strong>QVARTVS.</strong></span> <span class='ocrx_word' id='word_1_9' title='bbox 1092 1149 1199 1197; x_wconf 63' lang='lat' dir='ltr'><strong>m</strong></span> 
     </span>
    </p>
   </div>
   <div class='ocr_carea' id='block_1_3' title="bbox 196 1225 1146 1331">
    <p class='ocr_par' dir='ltr' id='par_1_3' title="bbox 196 1225 1146 1331">
     <span class='ocr_line' id='line_1_4' title="bbox 196 1225 1146 1331; baseline -0.008 -31"><span class='ocrx_word' id='word_1_10' title='bbox 196 1231 327 1300; x_wconf 75' lang='lat' dir='ltr'>Dixisse</span> <span class='ocrx_word' id='word_1_11' title='bbox 346 1231 478 1299; x_wconf 79' lang='lat' dir='ltr'><strong>Aenean</strong></span> <span class='ocrx_word' id='word_1_12' title='bbox 491 1226 654 1316; x_wconf 78' lang='lat' dir='ltr'><strong>Virgilius</strong></span> <span class='ocrx_word' id='word_1_13' title='bbox 676 1225 785 1312; x_wconf 84' lang='lat' dir='ltr'><strong>refert,</strong></span> <span class='ocrx_word' id='word_1_14' title='bbox 809 1248 882 1295; x_wconf 91' lang='lat' dir='ltr'><strong>oum</strong></span> <span class='ocrx_word' id='word_1_15' title='bbox 906 1229 982 1313; x_wconf 87' lang='lat' dir='ltr'><strong>post</strong></span> <span class='ocrx_word' id='word_1_16' title='bbox 990 1225 1146 1331; x_wconf 83' lang='lat' dir='ltr'><strong>pericula</strong></span> 
     </span>
    </p>
   </div>
   <div class='ocr_carea' id='block_1_4' title="bbox 104 1314 1182 1931">
    <p class='ocr_par' dir='ltr' id='par_1_4' title="bbox 129 1314 1145 1550">
     <span class='ocr_line' id='line_1_5' title="bbox 131 1314 1145 1408; baseline -0.01 -18"><span class='ocrx_word' id='word_1_17' title='bbox 131 1344 190 1390; x_wconf 87' lang='lat' dir='ltr'><strong>aua</strong></span> <span class='ocrx_word' id='word_1_18' title='bbox 217 1343 413 1408; x_wconf 84' lang='lat' dir='ltr'><strong>suorumque</strong></span> <span class='ocrx_word' id='word_1_19' title='bbox 438 1318 612 1406; x_wconf 82' lang='lat' dir='ltr'><strong>naufragia</strong></span> <span class='ocrx_word' id='word_1_20' title='bbox 637 1315 784 1384; x_wconf 86' lang='lat' dir='ltr'><strong>residuos</strong></span> <span class='ocrx_word' id='word_1_21' title='bbox 812 1335 908 1402; x_wconf 77' lang='lat' dir='ltr'><strong>aegre</strong></span> <span class='ocrx_word' id='word_1_22' title='bbox 933 1337 1038 1384; x_wconf 77' lang='lat' dir='ltr'><strong>socios</strong></span> <span class='ocrx_word' id='word_1_23' title='bbox 1061 1314 1145 1382; x_wconf 84' lang='lat' dir='ltr'><strong>sola·</strong></span> 
     </span>
     <span class='ocr_line' id='line_1_6' title="bbox 129 1416 962 1550; baseline -0.006 1"><span class='ocrx_word' id='word_1_24' title='bbox 129 1416 228 1496; x_wconf 51' lang='lat' dir='ltr'>rehu,</span> <span class='ocrx_word' id='word_1_25' title='bbox 311 1494 416 1550; x_wconf 78' lang='lat' dir='ltr'><strong>Forsan</strong></span> <span class='ocrx_word' id='word_1_26' title='bbox 440 1497 471 1548; x_wconf 90' lang='lat' dir='ltr'><strong>et</strong></span> <span class='ocrx_word' id='word_1_27' title='bbox 489 1494 559 1548; x_wconf 79' lang='lat' dir='ltr'><strong>bueo</strong></span> <span class='ocrx_word' id='word_1_28' title='bbox 578 1490 647 1547; x_wconf 89' lang='lat' dir='ltr'><strong>olim</strong></span> <span class='ocrx_word' id='word_1_29' title='bbox 664 1488 824 1546; x_wconf 75' lang='lat' dir='ltr'><strong>meminisse</strong></span> <span class='ocrx_word' id='word_1_30' title='bbox 843 1487 962 1546; x_wconf 83' lang='lat' dir='ltr'><strong>iuuabit.</strong></span> 
     </span>
    </p>

    <p class='ocr_par' dir='ltr' id='par_1_5' title="bbox 104 1575 1182 1931">
     <span class='ocr_line' id='line_1_7' title="bbox 104 1575 1182 1668; baseline -0.006 -20"><span class='ocrx_word' id='word_1_31' title='bbox 104 1585 212 1651; x_wconf 84' lang='lat' dir='ltr'><strong>abaco</strong></span> <span class='ocrx_word' id='word_1_32' title='bbox 235 1583 410 1668; x_wconf 77' lang='lat' dir='ltr'><strong>sententia,</strong></span> <span class='ocrx_word' id='word_1_33' title='bbox 434 1581 537 1660; x_wconf 83' lang='lat' dir='ltr'><strong>scmel</strong></span> <span class='ocrx_word' id='word_1_34' title='bbox 561 1586 637 1666; x_wconf 87' lang='lat' dir='ltr'><strong>apte</strong></span> <span class='ocrx_word' id='word_1_35' title='bbox 660 1581 751 1667; x_wconf 86' lang='lat' dir='ltr'><strong>licta,</strong></span> <span class='ocrx_word' id='word_1_36' title='bbox 774 1599 901 1665; x_wconf 87' lang='lat' dir='ltr'><strong>semper</strong></span> <span class='ocrx_word' id='word_1_37' title='bbox 923 1579 991 1644; x_wconf 90' lang='lat' dir='ltr'><strong>uim</strong></span> <span class='ocrx_word' id='word_1_38' title='bbox 1014 1577 1065 1644; x_wconf 89' lang='lat' dir='ltr'><strong>sui</strong></span> <span class='ocrx_word' id='word_1_39' title='bbox 1087 1575 1182 1644; x_wconf 79' lang='lat' dir='ltr'><strong>tri-t</strong></span> 
     </span>
     <span class='ocr_line' id='line_1_8' title="bbox 130 1667 1146 1758; baseline -0.007 -19"><span class='ocrx_word' id='word_1_40' title='bbox 130 1673 249 1758; x_wconf 82' lang='lat' dir='ltr'><strong>plicam</strong></span> <span class='ocrx_word' id='word_1_41' title='bbox 281 1669 512 1738; x_wconf 86' lang='lat' dir='ltr'><strong>diuersissimis</strong></span> <span class='ocrx_word' id='word_1_42' title='bbox 545 1668 713 1736; x_wconf 81' lang='lat' dir='ltr'><strong>effectibus</strong></span> <span class='ocrx_word' id='word_1_43' title='bbox 744 1667 858 1754; x_wconf 82' lang='lat' dir='ltr'><strong>refert,</strong></span> <span class='ocrx_word' id='word_1_44' title='bbox 890 1688 963 1734; x_wconf 92' lang='lat' dir='ltr'><strong>cum</strong></span> <span class='ocrx_word' id='word_1_45' title='bbox 996 1671 1030 1733; x_wconf 93' lang='lat' dir='ltr'><strong>et</strong></span> <span class='ocrx_word' id='word_1_46' title='bbox 1055 1686 1146 1753; x_wconf 88' lang='lat' dir='ltr'><strong>prae·</strong></span> 
     </span>
     <span class='ocr_line' id='line_1_9' title="bbox 129 1754 1147 1844; baseline -0.006 -18"><span class='ocrx_word' id='word_1_47' title='bbox 129 1761 230 1826; x_wconf 89' lang='lat' dir='ltr'><strong>terita</strong></span> <span class='ocrx_word' id='word_1_48' title='bbox 243 1762 336 1825; x_wconf 87' lang='lat' dir='ltr'><strong>tanto</strong></span> <span class='ocrx_word' id='word_1_49' title='bbox 351 1757 497 1844; x_wconf 79' lang='lat' dir='ltr'><strong>gratiora</strong></span> <span class='ocrx_word' id='word_1_50' title='bbox 511 1755 673 1822; x_wconf 87' lang='lat' dir='ltr'><strong>habentur</strong></span> <span class='ocrx_word' id='word_1_51' title='bbox 686 1756 721 1822; x_wconf 92' lang='lat' dir='ltr'><strong>in</strong></span> <span class='ocrx_word' id='word_1_52' title='bbox 735 1755 845 1822; x_wconf 88' lang='lat' dir='ltr'><strong>uerbis</strong></span> <span class='ocrx_word' id='word_1_53' title='bbox 858 1761 981 1842; x_wconf 89' lang='lat' dir='ltr'><strong>quanto</strong></span> <span class='ocrx_word' id='word_1_54' title='bbox 993 1754 1147 1842; x_wconf 59' lang='lat' dir='ltr'><strong>manium</strong></span> 
     </span>
     <span class='ocr_line' id='line_1_10' title="bbox 129 1841 1146 1931; baseline -0.005 -18"><span class='ocrx_word' id='word_1_55' title='bbox 129 1847 315 1914; x_wconf 82' lang='lat' dir='ltr'><strong>referuntur</strong></span> <span class='ocrx_word' id='word_1_56' title='bbox 336 1845 371 1910; x_wconf 93' lang='lat' dir='ltr'><strong>in</strong></span> <span class='ocrx_word' id='word_1_57' title='bbox 393 1844 497 1931; x_wconf 80' lang='lat' dir='ltr'><strong>gestis</strong></span> <span class='ocrx_word' id='word_1_58' title='bbox 519 1848 553 1909; x_wconf 91' lang='lat' dir='ltr'><strong>ct</strong></span> <span class='ocrx_word' id='word_1_59' title='bbox 574 1843 686 1911; x_wconf 83' lang='lat' dir='ltr'><strong>loturo</strong></span> <span class='ocrx_word' id='word_1_60' title='bbox 708 1843 785 1910; x_wconf 91' lang='lat' dir='ltr'><strong>dum</strong></span> <span class='ocrx_word' id='word_1_61' title='bbox 808 1841 1037 1910; x_wconf 69' lang='lat' dir='ltr'><strong>desiderabilia</strong></span> <span class='ocrx_word' id='word_1_62' title='bbox 1054 1841 1146 1909; x_wconf 85' lang='lat' dir='ltr'><strong>iasti-</strong></span> 
     </span>
    </p>
   </div>
   <div class='ocr_carea' id='block_1_5' title="bbox 129 1931 1325 2021">
    <p class='ocr_par' dir='ltr' id='par_1_6' title="bbox 129 1931 1325 2021">
     <span class='ocr_line' id='line_1_11' title="bbox 129 1931 1325 2021; baseline -0.011 -18"><span class='ocrx_word' id='word_1_63' title='bbox 129 1935 183 2003; x_wconf 92' lang='lat' dir='ltr'><strong>dio</strong></span> <span class='ocrx_word' id='word_1_64' title='bbox 207 1933 425 2021; x_wconf 83' lang='lat' dir='ltr'><strong>praesentium</strong></span> <span class='ocrx_word' id='word_1_65' title='bbox 448 1933 532 1999; x_wconf 88' lang='lat' dir='ltr'><strong>liunt</strong></span> <span class='ocrx_word' id='word_1_66' title='bbox 555 1953 683 2018; x_wconf 89' lang='lat' dir='ltr'><strong>semper</strong></span> <span class='ocrx_word' id='word_1_67' title='bbox 705 1933 843 2000; x_wconf 89' lang='lat' dir='ltr'><strong>meliora</strong></span> <span class='ocrx_word' id='word_1_68' title='bbox 861 1931 1043 2018; x_wconf 84' lang='lat' dir='ltr'><strong>creduntur,</strong></span> <span class='ocrx_word' id='word_1_69' title='bbox 1064 1931 1183 2018; x_wconf 72' lang='lat' dir='ltr'><strong>ipsias</strong></span> <span class='ocrx_word' id='word_1_70' title='bbox 1319 1980 1325 1990; x_wconf 94' lang='lat'>.</span> 
     </span>
    </p>
   </div>
   <div class='ocr_carea' id='block_1_6' title="bbox 17 2020 1230 3607">
    <p class='ocr_par' dir='ltr' id='par_1_7' title="bbox 43 2020 1146 2110">
     <span class='ocr_line' id='line_1_12' title="bbox 43 2020 1146 2110; baseline -0.003 -19"><span class='ocrx_word' id='word_1_71' title='bbox 43 2059 65 2100; x_wconf 70' lang='grc' dir='ltr'><strong>ι.</strong></span> <span class='ocrx_word' id='word_1_72' title='bbox 78 2048 117 2091; x_wconf 90' lang='grc' dir='ltr'><strong>ιιι</strong></span> <span class='ocrx_word' id='word_1_73' title='bbox 131 2029 242 2091; x_wconf 85' lang='lat' dir='ltr'><strong>autem</strong></span> <span class='ocrx_word' id='word_1_74' title='bbox 265 2021 489 2110; x_wconf 84' lang='lat' dir='ltr'><strong>praesentibus</strong></span> <span class='ocrx_word' id='word_1_75' title='bbox 513 2021 563 2090; x_wconf 67' lang='lat' dir='ltr'><strong>lob</strong></span> <span class='ocrx_word' id='word_1_76' title='bbox 582 2021 644 2089; x_wconf 89' lang='lat' dir='ltr'><strong>hoo</strong></span> <span class='ocrx_word' id='word_1_77' title='bbox 666 2023 758 2089; x_wconf 92' lang='lat' dir='ltr'><strong>nulla</strong></span> <span class='ocrx_word' id='word_1_78' title='bbox 775 2023 810 2088; x_wconf 91' lang='lat' dir='ltr'><strong>in</strong></span> <span class='ocrx_word' id='word_1_79' title='bbox 828 2025 921 2108; x_wconf 86' lang='lat' dir='ltr'><strong>parte</strong></span> <span class='ocrx_word' id='word_1_80' title='bbox 940 2020 1146 2089; x_wconf 88' lang='lat' dir='ltr'><strong>miseriarum</strong></span> 
     </span>
    </p>

    <p class='ocr_par' dir='ltr' id='par_1_8' title="bbox 91 2110 1146 2199">
     <span class='ocr_line' id='line_1_13' title="bbox 91 2110 1146 2199; baseline -0.003 -20"><span class='ocrx_word' id='word_1_81' title='bbox 91 2114 218 2179; x_wconf 71' lang='lat' dir='ltr'><strong>iniusta</strong></span> <span class='ocrx_word' id='word_1_82' title='bbox 247 2111 436 2199; x_wconf 72' lang='lat' dir='ltr'><strong>conparatio</strong></span> <span class='ocrx_word' id='word_1_83' title='bbox 464 2110 612 2178; x_wconf 85' lang='lat' dir='ltr'><strong>adhiberi</strong></span> <span class='ocrx_word' id='word_1_84' title='bbox 635 2115 762 2197; x_wconf 83' lang='lat' dir='ltr'><strong>potest,</strong></span> <span class='ocrx_word' id='word_1_85' title='bbox 792 2113 869 2196; x_wconf 90' lang='lat' dir='ltr'><strong>quia</strong></span> <span class='ocrx_word' id='word_1_86' title='bbox 895 2111 1001 2178; x_wconf 91' lang='lat' dir='ltr'><strong>multo</strong></span> <span class='ocrx_word' id='word_1_87' title='bbox 1024 2110 1146 2176; x_wconf 87' lang='lat' dir='ltr'><strong>maiore</strong></span> 
     </span>
    </p>

    <p class='ocr_par' dir='ltr' id='par_1_9' title="bbox 130 2199 1148 2286">
     <span class='ocr_line' id='line_1_14' title="bbox 130 2199 1148 2286; baseline -0.003 -19"><span class='ocrx_word' id='word_1_88' title='bbox 130 2201 281 2268; x_wconf 85' lang='lat' dir='ltr'><strong>molestia</strong></span> <span class='ocrx_word' id='word_1_89' title='bbox 303 2199 459 2266; x_wconf 82' lang='lat' dir='ltr'><strong>adficiunt</strong></span> <span class='ocrx_word' id='word_1_90' title='bbox 481 2199 774 2285; x_wconf 87' lang='lat' dir='ltr'><strong>quantulacumque</strong></span> <span class='ocrx_word' id='word_1_91' title='bbox 797 2199 865 2265; x_wconf 85' lang='lat' dir='ltr'><strong>sint</strong></span> <span class='ocrx_word' id='word_1_92' title='bbox 885 2199 950 2266; x_wconf 86' lang='lat' dir='ltr'><strong>ista</strong></span> <span class='ocrx_word' id='word_1_93' title='bbox 968 2219 1051 2286; x_wconf 81' lang='lat' dir='ltr'><strong>quac</strong></span> <span class='ocrx_word' id='word_1_94' title='bbox 1069 2201 1148 2264; x_wconf 87' lang='lat' dir='ltr'><strong>sunt</strong></span> 
     </span>
    </p>

    <p class='ocr_par' dir='ltr' id='par_1_10' title="bbox 130 2287 1182 2463">
     <span class='ocr_line' id='line_1_15' title="bbox 130 2287 1147 2375; baseline -0.002 -20"><span class='ocrx_word' id='word_1_95' title='bbox 130 2310 229 2375; x_wconf 87' lang='lat' dir='ltr'><strong>quam</strong></span> <span class='ocrx_word' id='word_1_96' title='bbox 247 2289 305 2354; x_wconf 90' lang='lat' dir='ltr'><strong>illa</strong></span> <span class='ocrx_word' id='word_1_97' title='bbox 322 2308 406 2374; x_wconf 86' lang='lat' dir='ltr'><strong>quae</strong></span> <span class='ocrx_word' id='word_1_98' title='bbox 423 2287 492 2356; x_wconf 85' lang='lat' dir='ltr'><strong>siue</strong></span> <span class='ocrx_word' id='word_1_99' title='bbox 510 2291 678 2355; x_wconf 69' lang='lat' dir='ltr'><strong>mansueta</strong></span> <span class='ocrx_word' id='word_1_100' title='bbox 695 2287 765 2354; x_wconf 88' lang='lat' dir='ltr'><strong>siue</strong></span> <span class='ocrx_word' id='word_1_101' title='bbox 784 2293 931 2373; x_wconf 86' lang='lat' dir='ltr'><strong>uentura,</strong></span> <span class='ocrx_word' id='word_1_102' title='bbox 949 2287 1011 2354; x_wconf 86' lang='lat' dir='ltr'><strong>atsi</strong></span> <span class='ocrx_word' id='word_1_103' title='bbox 1025 2306 1147 2374; x_wconf 75' lang='lat' dir='ltr'><strong>magna</strong></span> 
     </span>
     <span class='ocr_line' id='line_1_16' title="bbox 130 2374 1182 2463; baseline -0.006 -21"><span class='ocrx_word' id='word_1_104' title='bbox 130 2377 291 2463; x_wconf 89' lang='lat' dir='ltr'><strong>dicuntur,</strong></span> <span class='ocrx_word' id='word_1_105' title='bbox 308 2376 438 2444; x_wconf 88' lang='lat' dir='ltr'><strong>interim</strong></span> <span class='ocrx_word' id='word_1_106' title='bbox 457 2375 589 2444; x_wconf 89' lang='lat' dir='ltr'><strong>omniuo</strong></span> <span class='ocrx_word' id='word_1_107' title='bbox 608 2380 686 2444; x_wconf 87' lang='lat' dir='ltr'><strong>tunc</strong></span> <span class='ocrx_word' id='word_1_108' title='bbox 703 2397 771 2442; x_wconf 90' lang='lat' dir='ltr'><strong>uon</strong></span> <span class='ocrx_word' id='word_1_109' title='bbox 789 2381 875 2443; x_wconf 86' lang='lat' dir='ltr'><strong>sunt</strong></span> <span class='ocrx_word' id='word_1_110' title='bbox 907 2375 1011 2443; x_wconf 87' lang='lat' dir='ltr'><strong>ueluti</strong></span> <span class='ocrx_word' id='word_1_111' title='bbox 1029 2374 1145 2462; x_wconf 87' lang='lat' dir='ltr'><strong>siquis</strong></span> <span class='ocrx_word' id='word_1_112' title='bbox 1164 2383 1182 2436; x_wconf 74' lang='lat' dir='ltr'><strong>a</strong></span> 
     </span>
    </p>

    <p class='ocr_par' dir='ltr' id='par_1_11' title="bbox 91 2463 1145 2553">
     <span class='ocr_line' id='line_1_17' title="bbox 91 2463 1145 2553; baseline -0.002 -20"><span class='ocrx_word' id='word_1_113' title='bbox 91 2490 118 2533; x_wconf 82' lang='lat' dir='ltr'><strong>aa</strong></span> <span class='ocrx_word' id='word_1_114' title='bbox 129 2465 299 2534; x_wconf 75' lang='lat' dir='ltr'><strong>nocturnis</strong></span> <span class='ocrx_word' id='word_1_115' title='bbox 318 2465 480 2553; x_wconf 79' lang='lat' dir='ltr'><strong>pulicibus</strong></span> <span class='ocrx_word' id='word_1_116' title='bbox 499 2464 652 2532; x_wconf 73' lang='lat' dir='ltr'><strong>titillatus</strong></span> <span class='ocrx_word' id='word_1_117' title='bbox 672 2469 768 2551; x_wconf 87' lang='lat' dir='ltr'><strong>atque</strong></span> <span class='ocrx_word' id='word_1_118' title='bbox 783 2486 823 2531; x_wconf 82' lang='lat' dir='ltr'><strong>ex</strong></span> <span class='ocrx_word' id='word_1_119' title='bbox 837 2484 876 2531; x_wconf 80' lang='lat' dir='ltr'><strong>eo</strong></span> <span class='ocrx_word' id='word_1_120' title='bbox 890 2463 1016 2552; x_wconf 76' lang='lat' dir='ltr'><strong>uigiliis</strong></span> <span class='ocrx_word' id='word_1_121' title='bbox 1029 2463 1145 2531; x_wconf 86' lang='lat' dir='ltr'><strong>anxius</strong></span> 
     </span>
    </p>

    <p class='ocr_par' dir='ltr' id='par_1_12' title="bbox 130 2551 1145 2642">
     <span class='ocr_line' id='line_1_18' title="bbox 130 2551 1145 2642; baseline -0.002 -20"><span class='ocrx_word' id='word_1_122' title='bbox 130 2555 210 2622; x_wconf 86' lang='lat' dir='ltr'><strong>alias</strong></span> <span class='ocrx_word' id='word_1_123' title='bbox 238 2554 339 2640; x_wconf 80' lang='lat' dir='ltr'><strong>forte,</strong></span> <span class='ocrx_word' id='word_1_124' title='bbox 365 2576 446 2642; x_wconf 89' lang='lat' dir='ltr'><strong>quas</strong></span> <span class='ocrx_word' id='word_1_125' title='bbox 474 2552 651 2641; x_wconf 86' lang='lat' dir='ltr'><strong>aliquando</strong></span> <span class='ocrx_word' id='word_1_126' title='bbox 674 2575 713 2620; x_wconf 84' lang='lat' dir='ltr'><strong>ex</strong></span> <span class='ocrx_word' id='word_1_127' title='bbox 737 2552 975 2620; x_wconf 79' lang='lat' dir='ltr'><strong>ardentissimis</strong></span> <span class='ocrx_word' id='word_1_128' title='bbox 998 2551 1145 2620; x_wconf 80' lang='lat' dir='ltr'><strong>febribus</strong></span> 
     </span>
    </p>

    <p class='ocr_par' dir='ltr' id='par_1_13' title="bbox 130 2640 1145 2730">
     <span class='ocr_line' id='line_1_19' title="bbox 130 2640 1145 2730; baseline -0.001 -22"><span class='ocrx_word' id='word_1_129' title='bbox 130 2643 185 2709; x_wconf 89' lang='lat' dir='ltr'><strong>diu</strong></span> <span class='ocrx_word' id='word_1_130' title='bbox 212 2643 382 2729; x_wconf 87' lang='lat' dir='ltr'><strong>sustinuit,</strong></span> <span class='ocrx_word' id='word_1_131' title='bbox 407 2641 539 2730; x_wconf 74' lang='lat' dir='ltr'><strong>uigilias</strong></span> <span class='ocrx_word' id='word_1_132' title='bbox 566 2640 765 2727; x_wconf 88' lang='lat' dir='ltr'><strong>recordetur,</strong></span> <span class='ocrx_word' id='word_1_133' title='bbox 792 2640 907 2727; x_wconf 87' lang='lat' dir='ltr'><strong>procul</strong></span> <span class='ocrx_word' id='word_1_134' title='bbox 929 2640 1029 2708; x_wconf 87' lang='lat' dir='ltr'><strong>dubio</strong></span> <span class='ocrx_word' id='word_1_135' title='bbox 1051 2640 1145 2727; x_wconf 87' lang='lat' dir='ltr'><strong>inpa-</strong></span> 
     </span>
    </p>

    <p class='ocr_par' dir='ltr' id='par_1_14' title="bbox 37 2729 1145 2822">
     <span class='ocr_line' id='line_1_20' title="bbox 37 2729 1145 2822; baseline 0 -24"><span class='ocrx_word' id='word_1_136' title='bbox 37 2748 40 2753; x_wconf 85' lang='lat'>·</span> <span class='ocrx_word' id='word_1_137' title='bbox 129 2731 262 2800; x_wconf 84' lang='lat' dir='ltr'><strong>tientiua</strong></span> <span class='ocrx_word' id='word_1_138' title='bbox 283 2731 367 2800; x_wconf 84' lang='lat' dir='ltr'><strong>ieret</strong></span> <span class='ocrx_word' id='word_1_139' title='bbox 387 2731 527 2800; x_wconf 85' lang='lat' dir='ltr'><strong>istarum</strong></span> <span class='ocrx_word' id='word_1_140' title='bbox 549 2729 808 2822; x_wconf 86' lang='lat' dir='ltr'><strong>inquietudinem</strong></span> <span class='ocrx_word' id='word_1_141' title='bbox 829 2751 927 2819; x_wconf 86' lang='lat' dir='ltr'><strong>quom</strong></span> <span class='ocrx_word' id='word_1_142' title='bbox 945 2729 1077 2798; x_wconf 90' lang='lat' dir='ltr'><strong>illarum</strong></span> <span class='ocrx_word' id='word_1_143' title='bbox 1095 2750 1145 2798; x_wconf 90' lang='lat' dir='ltr'><strong>re·</strong></span> 
     </span>
    </p>

    <p class='ocr_par' dir='ltr' id='par_1_15' title="bbox 91 2819 1230 3089">
     <span class='ocr_line' id='line_1_21' title="bbox 131 2819 1230 2909; baseline 0 -23"><span class='ocrx_word' id='word_1_144' title='bbox 131 2820 358 2890; x_wconf 86' lang='lat' dir='ltr'><strong>cordationem.</strong></span> <span class='ocrx_word' id='word_1_145' title='bbox 403 2821 459 2888; x_wconf 87' lang='lat' dir='ltr'><strong>sed</strong></span> <span class='ocrx_word' id='word_1_146' title='bbox 486 2821 637 2909; x_wconf 88' lang='lat' dir='ltr'><strong>quamuis</strong></span> <span class='ocrx_word' id='word_1_147' title='bbox 665 2821 751 2908; x_wconf 75' lang='lat' dir='ltr'><strong>opud</strong></span> <span class='ocrx_word' id='word_1_148' title='bbox 774 2819 921 2888; x_wconf 90' lang='lat' dir='ltr'><strong>omnium</strong></span> <span class='ocrx_word' id='word_1_149' title='bbox 945 2841 1059 2888; x_wconf 87' lang='lat' dir='ltr'><strong>seusus</strong></span> <span class='ocrx_word' id='word_1_150' title='bbox 1081 2829 1180 2906; x_wconf 76' lang='lat' dir='ltr'><strong>prot</strong></span> <span class='ocrx_word' id='word_1_151' title='bbox 1227 2875 1230 2882; x_wconf 96' lang='lat'><em>.</em></span> 
     </span>
     <span class='ocr_line' id='line_1_22' title="bbox 91 2908 1147 2999; baseline -0.006 -17"><span class='ocrx_word' id='word_1_152' title='bbox 91 2938 118 2982; x_wconf 82' lang='lat' dir='ltr'><strong>so</strong></span> <span class='ocrx_word' id='word_1_153' title='bbox 131 2913 227 2996; x_wconf 87' lang='lat' dir='ltr'><strong>captu</strong></span> <span class='ocrx_word' id='word_1_154' title='bbox 249 2915 433 2999; x_wconf 79' lang='lat' dir='ltr'><strong>temporum</strong></span> <span class='ocrx_word' id='word_1_155' title='bbox 455 2911 505 2978; x_wconf 87' lang='lat' dir='ltr'><strong>ita</strong></span> <span class='ocrx_word' id='word_1_156' title='bbox 526 2909 632 2978; x_wconf 88' lang='lat' dir='ltr'><strong>uideri</strong></span> <span class='ocrx_word' id='word_1_157' title='bbox 650 2915 760 2998; x_wconf 88' lang='lat' dir='ltr'><strong>queat,</strong></span> <span class='ocrx_word' id='word_1_158' title='bbox 781 2908 938 2998; x_wconf 87' lang='lat' dir='ltr'><strong>numquid</strong></span> <span class='ocrx_word' id='word_1_159' title='bbox 956 2913 1067 2977; x_wconf 73' lang='lat' dir='ltr'><strong>tanam</strong></span> <span class='ocrx_word' id='word_1_160' title='bbox 1086 2908 1147 2976; x_wconf 89' lang='lat' dir='ltr'><strong>ali·</strong></span> 
     </span>
     <span class='ocr_line' id='line_1_23' title="bbox 131 2997 1146 3089; baseline 0 -23"><span class='ocrx_word' id='word_1_161' title='bbox 131 3000 205 3087; x_wconf 90' lang='lat' dir='ltr'><strong>quis</strong></span> <span class='ocrx_word' id='word_1_162' title='bbox 228 2997 371 3087; x_wconf 79' lang='lat' dir='ltr'><strong>emiatet,</strong></span> <span class='ocrx_word' id='word_1_163' title='bbox 392 2999 450 3089; x_wconf 89' lang='lat' dir='ltr'><strong>qui</strong></span> <span class='ocrx_word' id='word_1_164' title='bbox 469 3001 522 3068; x_wconf 88' lang='lat' dir='ltr'><strong>uel</strong></span> <span class='ocrx_word' id='word_1_165' title='bbox 541 3000 575 3068; x_wconf 89' lang='lat' dir='ltr'><strong>in</strong></span> <span class='ocrx_word' id='word_1_166' title='bbox 592 2999 665 3088; x_wconf 85' lang='lat' dir='ltr'><strong>ipso</strong></span> <span class='ocrx_word' id='word_1_167' title='bbox 682 3001 847 3069; x_wconf 83' lang='lat' dir='ltr'><strong>anxietate</strong></span> <span class='ocrx_word' id='word_1_168' title='bbox 864 2999 1055 3087; x_wconf 88' lang='lat' dir='ltr'><strong>pronuntiet</strong></span> <span class='ocrx_word' id='word_1_169' title='bbox 1073 3019 1146 3088; x_wconf 75' lang='lat' dir='ltr'><strong>gra·</strong></span> 
     </span>
    </p>

    <p class='ocr_par' dir='ltr' id='par_1_16' title="bbox 17 3086 1182 3354">
     <span class='ocr_line' id='line_1_24' title="bbox 17 3086 1147 3178; baseline -0.005 -18"><span class='ocrx_word' id='word_1_170' title='bbox 17 3151 21 3160; x_wconf 93' lang='lat'>.</span> <span class='ocrx_word' id='word_1_171' title='bbox 131 3086 238 3155; x_wconf 82' lang='lat' dir='ltr'><strong>uiorcs</strong></span> <span class='ocrx_word' id='word_1_172' title='bbox 261 3089 383 3173; x_wconf 82' lang='lat' dir='ltr'><strong>pulices</strong></span> <span class='ocrx_word' id='word_1_173' title='bbox 403 3111 476 3158; x_wconf 86' lang='lat' dir='ltr'><strong>esse</strong></span> <span class='ocrx_word' id='word_1_174' title='bbox 494 3111 593 3178; x_wconf 88' lang='lat' dir='ltr'><strong>quam</strong></span> <span class='ocrx_word' id='word_1_175' title='bbox 611 3089 740 3158; x_wconf 78' lang='lat' dir='ltr'><strong>febres?</strong></span> <span class='ocrx_word' id='word_1_176' title='bbox 763 3093 820 3156; x_wconf 86' lang='lat' dir='ltr'><strong>aut</strong></span> <span class='ocrx_word' id='word_1_177' title='bbox 838 3088 987 3157; x_wconf 81' lang='lat' dir='ltr'><strong>acerbius</strong></span> <span class='ocrx_word' id='word_1_178' title='bbox 1006 3087 1147 3173; x_wconf 88' lang='lat' dir='ltr'><strong>accipiat</strong></span> 
     </span>
     <span class='ocr_line' id='line_1_25' title="bbox 131 3175 1147 3283; baseline -0.001 -39"><span class='ocrx_word' id='word_1_179' title='bbox 131 3197 166 3244; x_wconf 87' lang='lat' dir='ltr'><strong>se</strong></span> <span class='ocrx_word' id='word_1_180' title='bbox 192 3175 330 3265; x_wconf 71' lang='lat' dir='ltr'><strong>uigilare</strong></span> <span class='ocrx_word' id='word_1_181' title='bbox 357 3199 473 3246; x_wconf 86' lang='lat' dir='ltr'><strong>sanum</strong></span> <span class='ocrx_word' id='word_1_182' title='bbox 500 3200 598 3283; x_wconf 77' lang='lat' dir='ltr'><strong>quam</strong></span> <span class='ocrx_word' id='word_1_183' title='bbox 624 3178 766 3248; x_wconf 80' lang='lat' dir='ltr'><strong>dormire</strong></span> <span class='ocrx_word' id='word_1_184' title='bbox 792 3198 860 3245; x_wconf 90' lang='lat' dir='ltr'><strong>non</strong></span> <span class='ocrx_word' id='word_1_185' title='bbox 882 3177 1028 3265; x_wconf 83' lang='lat' dir='ltr'><strong>potuisse</strong></span> <span class='ocrx_word' id='word_1_186' title='bbox 1050 3175 1147 3244; x_wconf 88' lang='lat' dir='ltr'><strong>mori·</strong></span> 
     </span>
     <span class='ocr_line' id='line_1_26' title="bbox 129 3264 1182 3354; baseline -0.005 -21"><span class='ocrx_word' id='word_1_187' title='bbox 129 3264 263 3333; x_wconf 78' lang='lat' dir='ltr'><strong>turum?</strong></span> <span class='ocrx_word' id='word_1_188' title='bbox 294 3287 377 3352; x_wconf 85' lang='lat' dir='ltr'><strong>quae</strong></span> <span class='ocrx_word' id='word_1_189' title='bbox 404 3289 478 3335; x_wconf 93' lang='lat' dir='ltr'><strong>cum</strong></span> <span class='ocrx_word' id='word_1_190' title='bbox 505 3272 552 3335; x_wconf 81' lang='lat' dir='ltr'><strong>ita</strong></span> <span class='ocrx_word' id='word_1_191' title='bbox 574 3267 653 3351; x_wconf 84' lang='lat' dir='ltr'><strong>sint,</strong></span> <span class='ocrx_word' id='word_1_192' title='bbox 679 3265 829 3336; x_wconf 86' lang='lat' dir='ltr'><strong>delicatis</strong></span> <span class='ocrx_word' id='word_1_193' title='bbox 851 3267 925 3334; x_wconf 84' lang='lat' dir='ltr'><strong>istis</strong></span> <span class='ocrx_word' id='word_1_194' title='bbox 947 3270 982 3334; x_wconf 88' lang='lat' dir='ltr'><strong>et</strong></span> <span class='ocrx_word' id='word_1_195' title='bbox 1003 3265 1145 3354; x_wconf 84' lang='lat' dir='ltr'><strong>querulis</strong></span> <span class='ocrx_word' id='word_1_196' title='bbox 1163 3275 1182 3326; x_wconf 81' lang='lat' dir='ltr'><strong>e</strong></span> 
     </span>
    </p>

    <p class='ocr_par' dir='ltr' id='par_1_17' title="bbox 90 3352 1147 3535">
     <span class='ocr_line' id='line_1_27' title="bbox 90 3352 1147 3446; baseline 0.004 -26"><span class='ocrx_word' id='word_1_197' title='bbox 90 3385 117 3429; x_wconf 73' lang='grc' dir='ltr'><strong>ιι</strong></span> <span class='ocrx_word' id='word_1_198' title='bbox 129 3355 252 3422; x_wconf 85' lang='lat' dir='ltr'><strong>nostris</strong></span> <span class='ocrx_word' id='word_1_199' title='bbox 274 3357 450 3446; x_wconf 85' lang='lat' dir='ltr'><strong>utcumque</strong></span> <span class='ocrx_word' id='word_1_200' title='bbox 472 3355 623 3444; x_wconf 87' lang='lat' dir='ltr'><strong>concedo,</strong></span> <span class='ocrx_word' id='word_1_201' title='bbox 644 3361 683 3426; x_wconf 90' lang='lat' dir='ltr'><strong>ut</strong></span> <span class='ocrx_word' id='word_1_202' title='bbox 704 3356 795 3444; x_wconf 83' lang='lat' dir='ltr'><strong>hacc,</strong></span> <span class='ocrx_word' id='word_1_203' title='bbox 817 3354 934 3443; x_wconf 87' lang='lat' dir='ltr'><strong>quibus</strong></span> <span class='ocrx_word' id='word_1_204' title='bbox 952 3375 1047 3442; x_wconf 90' lang='lat' dir='ltr'><strong>nnnc,</strong></span> <span class='ocrx_word' id='word_1_205' title='bbox 1069 3352 1147 3443; x_wconf 84' lang='lat' dir='ltr'><strong>quia</strong></span> 
     </span>
     <span class='ocr_line' id='line_1_28' title="bbox 130 3441 1146 3535; baseline -0.001 -22"><span class='ocrx_word' id='word_1_206' title='bbox 130 3443 178 3514; x_wconf 88' lang='lat' dir='ltr'><strong>aio</strong></span> <span class='ocrx_word' id='word_1_207' title='bbox 209 3441 352 3532; x_wconf 84' lang='lat' dir='ltr'><strong>expedit,</strong></span> <span class='ocrx_word' id='word_1_208' title='bbox 381 3445 544 3516; x_wconf 85' lang='lat' dir='ltr'><strong>interdum</strong></span> <span class='ocrx_word' id='word_1_209' title='bbox 576 3445 803 3535; x_wconf 86' lang='lat' dir='ltr'><strong>admonemur,</strong></span> <span class='ocrx_word' id='word_1_210' title='bbox 835 3443 1003 3514; x_wconf 88' lang='lat' dir='ltr'><strong>sentiendo</strong></span> <span class='ocrx_word' id='word_1_211' title='bbox 1031 3443 1146 3535; x_wconf 75' lang='lat' dir='ltr'><strong>grauia</strong></span> 
     </span>
    </p>

    <p class='ocr_par' dir='ltr' id='par_1_18' title="bbox 949 3546 986 3607">
     <span class='ocr_line' id='line_1_29' title="bbox 949 3546 986 3607; baseline 0 -24"><span class='ocrx_word' id='word_1_212' title='bbox 949 3546 986 3607; x_wconf 60' lang='lat' dir='ltr'><strong>d.</strong></span> 
     </span>
    </p>
   </div>
   <div class='ocr_carea' id='block_1_7' title="bbox 0 0 1408 3781">
    <p class='ocr_par' dir='ltr' id='par_1_19' title="bbox 0 0 1408 3781">
     <span class='ocr_line' id='line_1_30' title="bbox 0 0 1408 3781; baseline 0 0"><span class='ocrx_word' id='word_1_213' title='bbox 0 0 1408 3781; x_wconf 95' lang='lat' dir='ltr'><strong> </strong></span> 
     </span>
    </p>
   </div>
  </div>
 </body>
</html>
