2806 3788
382 85 578 140 ADVERSVM
596 83 761 138 Pausuos
779 85 821 138 111
839 87 882 140 2⁸.
1091 79 1136 148 93

37 260 57 301 s
70 248 111 292 scs
126 225 286 316 lPerthos,
308 226 480 314 Philippus
503 226 702 313 Hyrcanius,
724 225 931 294 Fratulernes
954 225 1137 311 Armenios,

124 317 342 405 Tleptolsmus
364 315 496 400 Perses,
518 315 689 383 Peucestes
712 314 783 384 Bcb
806 315 923 401 lonios,
945 313 1056 384 Archo
1078 311 1137 382 Pe-

125 406 240 491 laseos,
261 405 441 474 Archelaus
463 405 734 493 Mesopotamiam
800 405 870 490 epti
892 407 977 471 sunt

190 492 298 581 Igitur
320 513 418 560 usum
439 496 474 559 et
495 493 589 578 origo
611 491 773 559 bellorum
796 492 937 578 epistula
959 490 1136 559 Alexandri
1156 499 1190 552 u

98 579 188 645 eluit
209 582 305 668 regis,
327 601 392 666 qua
409 579 506 645 iussit
524 601 637 646 omnes
655 580 766 645 exules
783 579 910 665 patrias
928 577 1136 664 libertatique

124 669 260 736 restitui
304 671 455 754 potentes
483 667 569 734 enim
597 667 770 735 ciuitatum
792 664 948 734 Graeciae
974 665 1138 750 timenter,

122 775 164 821 ne
192 757 301 822 exules
328 759 459 843 recepte
485 755 638 822 libertate
660 755 819 823 ultionem
843 754 1090 839 meditarentur,
1116 774 1138 819 a

123 863 225 930 regno
244 842 457 912 Macedonum
475 841 670 910 deiecerunt
708 843 804 928 primi
822 841 1046 928 Athenienses,
1063 860 1138 908 cen·
1157 849 1191 903 ru

124 935 231 1000 tracto
262 933 400 1020 triginta
429 932 557 999 milium
584 931 727 999 exercitu
755 936 789 998 et
815 930 964 997 ducentis
990 929 1139 1016 nauibus,

85 1020 245 1089 rubellum
267 1043 342 1090 cum
365 1020 551 1107 Antipatro,
572 1021 625 1088 cui
647 1019 786 1088 Graecia
807 1023 896 1088 sorte
918 1023 1062 1106 uenerat,
1084 1038 1138 1107 ge·

124 1114 215 1198 runt,
245 1133 304 1198 per
335 1109 577 1180 Demosthenen
608 1132 737 1199 quoque
769 1115 933 1177 oratorem
963 1105 1138 1195 Sicyonem

124 1199 233 1285 Argos
264 1205 299 1266 et
325 1197 520 1266 Corinthum
546 1203 735 1284 ceteraeque
762 1199 913 1264 deitates
940 1197 1003 1264 sibi
1030 1196 1138 1263 socias

126 1285 317 1372 adiungunt,
340 1284 551 1372 Antipatrum
570 1285 739 1351 obsidione
757 1285 902 1370 cingunt
937 1283 984 1349 ibi
1001 1282 1067 1348 dux
1084 1303 1136 1348 ec·
1158 1291 1191 1344 ιο

125 1394 198 1439 rum
216 1373 414 1441 Leosthenes
436 1373 504 1440 talc
527 1394 545 1439 e
563 1373 666 1440 muris
684 1372 771 1439 iacto
789 1371 955 1458 perfossus
973 1369 1138 1438 occiditur.

85 1477 113 1520 ιι
125 1459 343 1530 Athenienses
361 1461 538 1546 Leonnato,
561 1461 616 1547 qui
634 1462 812 1547 Antipatro
830 1460 986 1527 auxilium
1003 1457 1139 1542 terebat,

125 1552 297 1614 occurrunt
316 1550 447 1635 eiusque
465 1549 569 1634 copiis
588 1547 814 1614 conminutisi
855 1569 910 1612 um
928 1545 1138 1613 interficiunt

191 1632 344 1702 Perdicca
374 1657 453 1702 uero
481 1635 603 1702 bellum
630 1635 785 1702 Ariarato
840 1633 1042 1720 appadouum
1067 1630 1139 1719 regi
1158 1641 1192 1696 rt

125 1721 239 1790 intulit
269 1745 405 1811 eumque
437 1723 526 1791 uicit
570 1724 605 1790 in
636 1745 701 1811 qua
732 1722 870 1790 uictoria
901 1721 983 1789 nihil
1010 1727 1140 1807 praeter

124 1812 261 1880 uulnera
287 1817 321 1880 et
346 1813 488 1899 pericula
515 1812 723 1900 conquisiuit,
748 1833 826 1879 uam
853 1833 966 1879 omnes
993 1814 1069 1877 cute
1092 1810 1139 1877 iu·

86 1915 114 1960 ¹⁰
125 1901 309 1988 ruptionem
328 1901 417 1970 urbis
436 1923 514 1970 sues
532 1901 694 1970 succensis
712 1901 861 1970 domibus
879 1901 947 1968 suis
966 1921 1001 1968 ae
1014 1921 1139 1988 susque

125 1991 236 2058 omnin
257 1993 554 2059 concremauerunt.

192 2079 272 2146 Post
299 2079 378 2146 haec
405 2079 527 2146 bellum
554 2079 641 2146 iuter
665 2078 868 2166 Antigonum
895 2081 930 2143 et
951 2077 1139 2144 Perdiccam
1159 2086 1192 2140 ru

37 2182 114 2254 pace
127 2167 238 2252 oritur,
252 2167 444 2254 grauissime
458 2168 572 2235 multia
585 2167 760 2254 prouinciis
773 2173 807 2234 st
819 2166 936 2234 insulis
950 2165 993 2234 ob
1007 2163 1137 2232 aulxilie

124 2255 177 2320 uel
200 2260 321 2343 negate
342 2255 396 2322 uel
419 2256 579 2341 praestita
601 2255 794 2323 dilaceratis.
835 2253 890 2321 diu
913 2254 1139 2338 deliberatum,
1158 2265 1191 2317 ιο

84 2359 113 2402 ¹⁵
125 2347 235 2409 utrum
257 2345 293 2411 in
310 2342 532 2411 Macedoniam
554 2344 677 2410 bellum
695 2343 927 2412 transferretur
944 2365 986 2410 an
1004 2343 1038 2409 in
1057 2340 1139 2409 Asia

36 2455 37 2462 ¹
126 2436 306 2517 gereretur:
328 2433 505 2500 nouissime
529 2433 598 2520 ipse
617 2431 771 2499 Perdicca
788 2433 975 2519 Aegyptum
997 2452 1071 2498 cum
1089 2431 1138 2497 iu·

36 2603 37 2608 ἵ
125 2519 215 2676 ἔξω·
242 2521 384 2590 exercitu
411 2523 504 2611 petit
549 2521 596 2591 sic
624 2519 828 2608 Macedonia,
859 2521 893 2588 in
918 2519 1000 2588 duas
1027 2523 1138 2607 partas

36 2633 38 2684 ῑ
149 2610 377 2679 'esurrentibus
400 2611 544 2696 ducibus,
566 2611 601 2678 in
624 2634 684 2679 sua
701 2613 827 2678 uiscera
845 2614 1000 2678 armatur.
1035 2607 1135 2678 Ptole-
1156 2619 1191 2672 ιο

36 2733 38 2756 ·
75 2715 77 2720 '
125 2719 236 2767 mueus
258 2699 402 2787 Aegypti
425 2700 551 2767 uiribus
574 2705 608 2766 et
631 2697 869 2786 Cyrenensibus
892 2698 996 2785 copiis
1018 2697 1138 2764 metru-

36 2837 38 2886 ,
85 2789 195 2853 aeus
222 2808 387 2854 occurrere
414 2788 500 2854 bello
523 2787 694 2854 Perdiccae
716 2791 819 2869 parat
862 2787 949 2852 iuter
970 2785 1051 2852 baec
1073 2783 1137 2852 Ne·

36 2893 38 2994 i
125 2873 308 3044 diyiieidiliii
325 2874 563 3029 seriutilunuiidtiia
582 2871 1138 3045 ciiueiipttiilieigrisiusiirhipisririiiri
1155 2969 1190 3020 tr
1251 2973 1257 2986 ·

36 2995 39 3146 i
125 3045 225 3132 fugit:
252 3069 348 3134 quem
375 3053 413 3115 nt
436 3045 604 3117 Eumenen
630 3047 670 3114 de
692 3048 858 3134 insperato
881 3047 1047 3132 opprimat
1068 3067 1138 3132 per·

126 3133 1137 3311 ldsltsslddtttilluduleltlttpil
1154 3232 1190 3284 ι,
1301 3249 1304 3258 1

953 3271 1045 3396 ioue,
1080 3307 1136 3376 uu

36 3291 37 3344 1
123 3309 226 3378 lemus
258 3316 293 3378 et
321 3311 485 3382 Eumenes
516 3311 639 3381 mutuis
670 3311 857 3382 uuheribue
889 3331 951 3380 con

36 3399 37 3482 j
123 3397 357 3488 Neoptolemus
375 3401 509 3488 interiit,
531 3401 696 3471 Eumenes
713 3402 819 3471 uictor
836 3401 951 3470 enuit.
984 3397 1137 3468 Perdicca
1154 3411 1189 3464 ru
