2744 3800
311 105 507 160 snvneevu
524 104 690 160 suessos
708 105 747 158 vr
767 109 809 164 ιι.
1004 104 1071 170 225

60 269 191 335 umque,
213 245 378 332 dispositis
401 245 539 312 elessem
561 248 596 312 st
616 245 728 331 copies
750 244 961 312 insteurenrlo
982 244 1069 314 bello

60 338 265 422 putauerunt.
296 330 418 400 Ousser
431 337 524 400 sexto
538 333 584 398 im
626 337 718 400 retor
730 333 913 420 appellatus
927 335 962 399 et
974 354 1068 419 quur-
1087 335 1123 390 u
1268 346 1281 406 ,·

60 429 128 490 tum
155 422 226 508 ipse
252 442 327 489 oum
354 420 400 489 M.
421 419 547 489 Licinio
602 442 694 488 russo
721 420 836 489 oonsul
858 419 1071 488 Brundisium

60 511 164 596 uenit,
191 510 238 577 ibi
266 509 354 578 orbis
381 513 541 577 terrerum
564 507 727 596 pressidio
749 509 862 577 diuism
885 511 916 578 ls
942 509 1070 577 'onibus

22 617 36 660 ι
62 597 245 752 οὲιιροιιιέις
268 595 570 751 ιἰὶιιιὶΑοῃᾱίιι,Βγιιίιιιιι
598 598 778 751 ριὲξειὶιίι,
804 619 879 666 mox
932 597 1071 751 elusium
1268 617 1271 652 ι

60 691 192 842 iuliis?
206 707 374 841 (learnelius
397 689 949 859 grfflrsplrreggrmiuzmtrocsm
972 707 1071 860 :1th
1090 775 1125 828 1⁶
1211 729 1213 734 V
1268 727 1280 800 ‘¹'

61 869 135 930 tuor
161 862 322 949 legiones,
348 883 429 948 ques
452 861 616 929 Antonius
644 860 730 948 uputl
753 859 896 948 Cyrenes
918 859 1073 946 prsesidii

60 952 132 1019 loeo
158 949 384 1032 constitueret,
411 950 553 1037 suscepit
581 949 617 1016 in
638 950 736 1018 tidem
758 952 856 1035 etque
878 948 953 1016 inde
975 947 1073 1016 Pers·

24 1058 49 1101 ιι
62 1039 225 1126 thonium,
250 1039 390 1126 primum
413 1037 558 1126 Aegypti
586 1059 607 1105 ι
629 1037 752 1126 Libyes
776 1042 870 1125 purte
897 1035 1073 1123 eiuitstem,

61 1130 148 1197 uicto
171 1127 258 1214 oepit
279 1127 427 1195 Antonio
449 1129 621 1214 ipsumque
644 1127 797 1195 continuo
820 1125 906 1213 opud
928 1125 1072 1194 Pherum

61 1217 148 1284 uicit
191 1216 353 1283 Antonius
383 1221 532 1304 equestre
561 1216 716 1284 aduersus
747 1212 919 1283 Geesurem
949 1215 1071 1282 bellum
1090 1218 1126 1270 ¹⁸
1269 1213 1279 1296 ’ξ

61 1305 146 1387 iniit,
168 1305 203 1370 in
221 1325 259 1372 eo
277 1325 404 1391 quoque
423 1303 654 1372 miserabiliter
669 1303 775 1371 uiotus
794 1303 931 1390 aufugit
964 1303 1072 1371 lrelen·

62 1393 111 1459 dis
134 1391 310 1460 Sextilibus
337 1392 443 1478 prime
469 1393 540 1459 lues
562 1391 726 1459 Antonius
752 1413 826 1460 eum
848 1391 889 1458 sd
913 1391 1073 1458 instruen-

25 1497 50 1541 ιι
63 1482 136 1549 dem
159 1482 295 1550 elessem
318 1479 353 1548 in
375 1483 508 1568 portum
530 1479 751 1567 descenderet,
772 1480 879 1548 subito
902 1479 1072 1548 uniuersus

60 1592 160 1638 nunes
188 1571 229 1637 ed
256 1568 429 1639 Geesersm
455 1571 670 1656 trensierunt3
696 1589 833 1658 eumque
859 1569 956 1638 unieo
982 1591 1073 1656 pree·

62 1660 143 1728 sidio
167 1659 325 1747 spolietus
348 1662 448 1747 esset,
474 1658 619 1747 trepidus
650 1680 685 1726 se
711 1678 785 1726 oum
811 1659 924 1747 peusis
951 1659 1075 1747 reoepit

61 1750 96 1817 in
117 1748 250 1834 regiam.
285 1748 401 1816 deinde
419 1749 599 1816 inminente
616 1746 756 1816 Oeesere
777 1749 972 1836 turbatoque
995 1748 1073 1816 oini-
1091 1751 1126 1804 Π

62 1841 128 1904 tete
154 1836 240 1904 idem
262 1837 427 1904 Antonius
455 1859 525 1904 sess
555 1836 640 1904 ierro
663 1836 941 1904 transuerberauit
962 1858 1001 1904 ee
1023 1858 1074 1904 ss·

23 1943 50 1984 ιι
63 1925 225 1992 mienimis
248 1924 289 1991 etl
308 1923 515 2011 Glsopetrsm
537 1925 573 1991 in
594 1929 848 2010 monumentum,
870 1925 905 1992 in
927 1925 1014 2011 quod
1037 1947 1073 1993 se

62 2012 119 2080 ille
150 2013 233 2080 mori
264 2017 354 2080 eerts
384 2013 587 2098 condiderat,
617 2013 761 2098 perlutus
792 2017 850 2079 est
896 2010 1072 2100 Cleopatrs
1090 2016 1126 2070 ¹⁸

62 2104 235 2188 postquem
258 2123 293 2168 se
316 2101 358 2167 ed
379 2100 580 2188 triumphum
608 2101 732 2168 seruari
758 2100 933 2188 intellexit,
959 2101 1074 2168 uolun-

62 2190 180 2257 teriem
206 2195 344 2258 mortem
370 2195 498 2278 petens,
525 2190 697 2277 serpentis,
723 2192 761 2258 ut
787 2193 934 2278 putetur,
963 2211 1089 2260 morsu·

63 2279 97 2345 in
115 2279 249 2346 sinistro
267 2283 357 2346 tecte
375 2279 525 2348 breeohio
544 2278 702 2347 exenimis
719 2279 854 2348 inuenta
872 2285 932 2368 est,
949 2279 1074 2348 irustre

24 2365 200 2436 secessere
223 2368 322 2435 etiem
345 2366 471 2456 Psyllos
493 2369 696 2456 edmousnte,
719 2369 774 2456 qui
796 2390 921 2438 ueneno
943 2390 1072 2458 serpen·

62 2461 131 2524 tum
163 2479 181 2526 e
212 2457 401 2526 uulneribus
433 2459 603 2528 hominum
633 2459 752 2526 heustu
787 2479 939 2528 rennuere
976 2464 1072 2548 utque

62 2568 215 2635 exsugere
229 2549 343 2615 solent
370 2545 490 2616 comer
503 2547 710 2634 Alexandris,
723 2548 803 2616 urbe
816 2550 960 2617 omnium
973 2548 1071 2637 longe
1090 2554 1124 2605 ¹⁹

63 2635 309 2721 opulentissime
326 2641 361 2704 et
382 2637 537 2723 meximo,
560 2637 669 2705 uietor
689 2637 813 2725 potitus
836 2641 896 2705 est
940 2659 1017 2705 nem
1040 2643 1075 2706 et

62 2723 166 2792 Rome
193 2725 227 2793 in
255 2729 384 2794 tuntum
413 2727 531 2814 opibus
559 2727 628 2795 sius
656 2733 753 2795 euets
781 2731 845 2813 est,
874 2729 912 2795 ut
940 2731 1074 2815 propter

22 2829 49 2872 ιο
63 2812 293 2882 ebundentiem
330 2817 542 2903 pseunierum
580 2815 723 2904 tluplieie
760 2837 858 2904 quem
893 2837 995 2904 usqne
1032 2815 1073 2884 erl

61 2900 93 2967 id
120 2902 250 2970 luerent
274 2904 517 2991 possessionum
544 2903 746 2992 aliarumque
772 2925 880 2973 rerum
908 2905 1072 2974 uenalium

62 2991 168 3076 pretio
190 2997 418 3063 statuerentur.
462 2992 561 3063 eooisi
584 2998 662 3062 sunt
683 2994 774 3062 iussu
796 2990 947 3062 Gesseris
969 2993 1073 3063 meior
1090 2997 1129 3050 ¹⁰
1273 2999 1277 3028 ¹

6 3095 45 3136 ιιι
62 3078 200 3148 Antonii
230 3081 318 3150 filius
350 3086 384 3151 st
414 3081 448 3150 P.
472 3079 652 3169 Oenildius,
682 3082 913 3152 inlesh'ssimus
966 3083 1073 3152 uidem

62 3189 189 3256 semper
220 3168 350 3238 Oessmi
382 3171 440 3238 secl
470 3175 505 3238 et
537 3171 680 3240 Antonio
711 3171 844 3259 modus,
875 3177 910 3241 st
941 3105 1072 3242 ὃιιιὶιιι

23 3271 49 3312 ⁸⁶
62 3253 258 3343 Pulmsnsis,
283 3259 399 3326 ultime
425 3259 540 3329 nioleti
567 3261 671 3346 petris
694 3256 844 3330 Gesseris
866 3261 1013 3348 niotimu,
1039 3266 1074 3329 et

63 3341 99 3418 Q.
113 3342 250 3410 Ouinius
273 3347 315 3412 ob
338 3368 411 3414 sem
433 3348 572 3416 mexime
589 3353 713 3435 notem,
734 3349 820 3439 qnod
843 3350 1072 3419 obseenissime

9 3463 18 3478 ι
64 3426 205 3496 leuilitio
234 3432 439 3520 textrinoque
467 3435 599 3525 regines
628 3442 760 3506 senator
790 3439 903 3526 populi
931 3437 1072 3508 Romani

6 3597 7 3600 Ἴ
116 3536 219 3583 oureus
232 3550 272 3584 ιιι.
284 3541 482 3590 turturum.
877 3547 911 3600 ιι
