2820 3778
376 185 573 240 unvnusvu
589 184 755 240 ososuos
773 186 798 237 v
815 187 894 240 s-s.
1085 179 1147 246 151

47 359 71 401 s
83 350 124 394 ιιι
137 329 249 398 uideni.
285 349 350 417 quo
367 333 558 418 argumento
574 332 666 415 petet
682 326 769 414 opud
785 333 939 414 utrosque
956 325 1075 394 misero
1092 323 1150 392 ills
1168 333 1203 387 ιι

137 422 288 505 temporo
302 416 454 503 iudioeto,
469 438 543 484 oum
557 415 599 484 Ιοι
612 416 753 503 Hispani
765 415 829 483 etsi
844 416 975 484 uincere
988 419 1150 501 poterunt,

136 508 234 577 inuiti
260 511 371 576 tomen
398 505 583 574 desererent
608 505 716 575 duleis
743 504 814 574 otis
840 526 900 572 suo
927 509 961 572 et
982 502 1069 572 belle
1096 523 1150 570 ex·

137 601 231 664 term
247 597 433 680 tolerarent,
449 601 484 663 st
496 595 637 663 Romani
655 599 777 682 quouto
795 593 1004 682 inpudentius
1026 592 1150 660 ulium

111 685 240 771 eqnieti
262 705 333 750 sess
355 683 555 768 ingererent,
581 687 674 749 tento
696 681 824 768 turpius
845 682 1060 748 uiuoenentur.

206 771 319 839 Seruio
342 769 460 839 Fuluio
482 769 598 838 Flsooo
617 771 654 848 Q.
673 766 850 856 Calpurnio
872 768 990 836 Pisone
1013 767 1188 836 consuli-0

138 860 199 926 bus
223 859 347 926 Romae
376 879 457 944 pnes
486 879 526 924 ex
556 857 676 924 enoiile
701 862 799 923 nutus
827 856 1001 943 quadripes
1022 855 1153 942 quodsi·

139 967 268 1117 ιἰἓὲ
290 945 588 1098 ttttttu
602 941 1189 1116 ‘tz'tt'utttbttffluttb

100 1140 128 1180 ιι
141 1141 179 1186 oo
205 1118 303 1203 indit,
331 1119 388 1205 qui
414 1122 597 1185 torrentum
623 1118 721 1186 modo
748 1139 806 1202 por
831 1139 935 1202 prone
961 1117 1153 1202 praeeipitos

140 1207 290 1308 pnoxinue
311 1225 456 1290 quosque
478 1203 727 1306 oosripientibus
746 1225 895 1269 exussere
913 1203 1069 1305 fiammis·
1084 1203 1154 1268 lon·

140 1289 589 1446 ttffltstutfflb
611 1289 1154 1465 atd”stz²tt·tsst„t“ttt

141 1467 249 1534 ouium
277 1487 381 1552 genus
407 1466 547 1532 monstri
573 1485 641 1532 non
667 1463 859 1551 portendere
885 1464 1008 1530 muium
1029 1463 1157 1530 adsolet

102 1569 129 1613 ιι
142 1554 199 1622 sed
226 1554 353 1622 inferre.
397 1553 433 1620 in
455 1551 658 1620 Bononiensi
684 1553 765 1642 egio
792 1550 904 1640 fruges
926 1553 963 1619 in
985 1551 1156 1620 arboribus

77 1653 83 1665 '
142 1647 258 1712 motos
287 1646 371 1710 eunt
416 1641 519 1728 igitur
548 1641 584 1709 in
606 1639 719 1709 Sieilie
747 1640 872 1709 bollum
899 1638 1017 1708 seruile
1046 1645 1192 1711 ortums

141 1737 205 1818 est,
241 1731 327 1819 quod
364 1730 445 1798 odeo
480 1751 581 1816 grene
613 1735 648 1798 st
679 1736 774 1798 atrox
808 1729 1017 1798 multitudine
1048 1751 1156 1798 seruo·

142 1843 240 1905 rum„
266 1820 427 1888 instructu
459 1820 640 1904 neniarum,
675 1817 899 1908 magnitudine
935 1817 1053 1886 uirium
1084 1819 1156 1906 suit,

53 1937 77 1979 s·
88 1924 130 1968 ιιι
143 1913 189 1995 ιιι,
205 1929 274 1977 non
292 1907 397 1976 diesin
413 1914 582 1994 praetores
600 1905 784 1994 'Romanos
799 1930 881 1995 quos
898 1907 1027 1993 penitus
1045 1908 1153 1994 prodi·
1173 1928 1192 1977 s

102 2013 130 2056 ιι
142 1999 247 2088 gouit,
260 1995 317 2064 sed
331 1997 481 2064 eonsules
495 2017 624 2084 quoque
637 1996 799 2064 torruerit
820 2018 897 2063 nom
907 2013 978 2064 ιιι
985 1995 1078 2063 milio
1091 2017 1156 2064 ser·

143 2107 259 2153 uorum
286 2089 365 2152 tuno
391 2083 426 2151 in
448 2104 541 2150 ormo
562 2085 819 2171 conspirantium
841 2085 943 2151 fuisse
965 2084 1158 2169 referuntur,

144 2177 278 2258 uoopte
300 2172 381 2238 urbe
398 2170 561 2252 Messene,
583 2193 666 2258 queo
689 2193 800 2239 seruos
822 2171 1004 2238 liberaliter
1024 2169 1157 2240 bebitos

143 2261 178 2326 in
200 2279 279 2346 pene
302 2257 473 2325 oontinnit.
508 2263 652 2326 osterum
674 2257 786 2326 Sicilie
806 2258 842 2325 in
863 2258 926 2326 boo
949 2279 1076 2346 quoque
1098 2259 1157 2326 mi·
1175 2271 1194 2324 ι

144 2347 260 2434 serior,
290 2346 368 2435 quie
396 2346 503 2415 ἱιιιιιιι
532 2352 566 2414 et
593 2368 771 2435 numquam
801 2367 880 2438 ergo
909 2352 1031 2416 statum
1064 2369 1158 2416 suum

103 2437 224 2504 ”iuris
245 2435 354 2503 idonei
381 2456 469 2504 nuno
495 2437 648 2523 tyrannis
675 2436 822 2506 subiecto
849 2458 934 2505 nuno
961 2437 1078 2522 semis,
1104 2436 1159 2505 uel

143 2525 211 2592 illis
223 2523 394 2592 dominatu
411 2525 562 2611 improbo
580 2525 785 2614 exigentibus
805 2527 995 2593 seruitutem
1013 2525 1067 2593 uel
1082 2525 1158 2595 istis
1378 2583 1379 2594 ,

143 2612 408 2701 praesumptione
425 2634 580 2700 peruerse
596 2613 861 2682 connubentibus
876 2613 1072 2702 libertatem,
1089 2637 1157 2682 ms·
1274 2681 1281 2692 ,

142 2702 230 2770 xime
252 2703 329 2789 quie
351 2702 462 2770 eloneo
484 2701 625 2790 undique
647 2702 730 2770 unsri
754 2723 884 2790 egerens
910 2700 999 2771 iores
1021 2723 1088 2770 non
1110 2703 1159 2770 fe·

144 2791 205 2858 oile
226 2793 338 2878 potest
358 2789 553 2858 intestinum
575 2789 707 2858 melum.
742 2791 923 2878 niperinom
942 2791 1061 2879 qnippe
1083 2803 1194 2859 oon-s

103 2879 327 2967 ”motionem
352 2877 529 2966 perditioni
555 2900 633 2947 snos
660 2879 744 2947 oluit
770 2901 830 2948 sue
856 2879 992 2948 libidine
1019 2883 1159 2968 sueton,

144 2990 205 3036 sus
230 2973 334 3036 muru
361 2967 530 3036 nioturm
574 2967 610 3035 in
631 2965 695 3036 boo
715 2971 827 3036 entem
849 2969 976 3036 seruilis
998 2969 1158 3038 tumultus

145 3057 297 3127 exoitetio
324 3061 448 3145 quento
476 3055 581 3125 rorior
608 3057 725 3126 cetenis
747 3061 840 3126 tento
862 3057 1076 3128 buoulentior
1098 3063 1159 3148 est,

144 3147 221 3237 quie
246 3147 428 3230 intentione
455 3153 680 3217 oomnuooetur
706 3147 810 3216 libero
836 3147 1010 3217 multitudo
1037 3151 1077 3217 ut
1101 3172 1159 3238 pe·

144 3238 243 3308 trium
266 3241 403 3330 eugen,
424 3236 552 3308 setuilis
575 3241 613 3306 ut
634 3237 757 3327 perdet
880 3315 882 3320 ¹
1037 3267 1039 3273 ·

104 3343 132 3388 ιι
211 3329 311 3396 Anno
328 3328 371 3395 ob
390 3328 469 3396 urbe
492 3327 624 3398 oondite
645 3345 744 3396 ncxx
766 3349 839 3396 oum
860 3329 965 3398 nueior
986 3351 1089 3419 peone
1111 3331 1193 3399 int

144 3415 247 3482 fumis
273 3414 314 3482 ds
335 3415 464 3482 foedere
486 3416 573 3504 opud
594 3414 807 3485 Nomentieun
830 3422 929 3505 puoto
951 3439 1049 3506 quesn
1071 3418 1158 3507 opud

146 3499 310 3570 Oeudines
331 3501 494 3591 quondum
515 3504 659 3574 tumulos
680 3505 838 3594 podorem
855 3505 1022 3576 Bonumee
1040 3505 1159 3578 bootis

29 3687 81 3742 R.
