2750 3800
246 183 251 198 ,
353 101 732 161 murmuremus
750 105 789 158 VI
810 110 850 160 11.
1038 101 1105 170 2οἸ

81 227 84 232 ¹
96 251 149 320 uel
162 249 274 338 fugem
286 249 340 318 uel
353 247 548 317 deditionem
566 240 749 318 detrectans
762 248 938 333 Romanor,
954 253 993 316 ut
1009 247 1106 317 uiuue

96 343 280 428 coperctrrr,
300 339 463 407 inrtentec
485 336 672 425 occidendo,
694 341 732 406 ut
754 336 968 426 occideretur,
989 337 1106 425 coegit

5 451 81 503 nee·
97 430 200 517 igitur
225 449 299 496 cum
326 432 476 514 pecetm
503 449 575 494 ecee
601 429 786 495 uniuereem
813 425 955 494 Gellium
977 424 1108 496 Oceleer
1126 439 1161 490 rc
1297 411 1310 530 3³

96 537 200 602 neque
220 537 372 583 eueurem
394 516 464 582 fore
487 515 528 584 ed
551 515 677 601 eliqucr
699 515 865 601 edrpirere
887 518 997 583 motuc
1019 513 1107 581 erbi-

69 609 246 691 etreretur,
266 605 412 688 legionen
435 604 470 672 in
490 603 631 672 hiberno
654 604 786 688 dimisit,
808 605 879 690 ipre
897 609 1008 670 temen
1025 603 1105 670 Arn-

96 693 231 780 biorigie
255 693 350 778 linco,
371 692 427 779 qui
450 697 503 760 tot
525 691 611 760 bellu
632 693 844 776 enecuere,
864 691 1026 760 horrende
1047 691 1106 758 ho·

95 781 220 848 minum
247 785 315 848 etro
382 781 536 849 uecteuit
581 786 617 847 et
639 802 716 849 uero
740 777 776 847 0.
799 777 955 848 Oeuiniur
976 780 1107 867 legetur
1126 793 1162 844 re
1304 755 1308 829 τ’

95 870 216 938 bellum
247 891 311 957 epu
364 869 518 938 Pictones
548 869 688 937 inuenit:
724 869 780 936 ubi
811 889 932 956 magne
962 867 1107 936 hostium

95 958 270 1027 multitudo
293 958 481 1045 impeditam
504 959 620 1026 itinere
642 959 804 1045 legionem
826 957 1037 1025 circumdedit
1058 962 1118 1030 etr
1219 967 1223 974 '

56 1070 157 1136 reque
188 1046 230 1114 ed
261 1052 440 1115 extremum
472 1047 645 1115 diecrimen
678 1046 821 1114 adduxit
865 1068 963 1133 porro
995 1051 1106 1114 eumm
1125 1057 1160 1112 rt

95 1137 215 1205 Fabius
245 1135 376 1223 legetur
408 1135 550 1224 receptio
580 1133 711 1203 Caninii
742 1134 859 1202 litterie
890 1135 925 1202 in
953 1134 1107 1202 Pictones

96 1224 311 1314 proficiscitur
337 1224 446 1313 ibique
474 1246 494 1293 e
521 1224 659 1312 ceptiuie
686 1223 726 1293 de
753 1223 998 1312 opportunitate
1020 1223 1106 1293 loco·

95 1338 167 1382 rum
185 1316 305 1382 certior
321 1315 427 1383 fectue
441 1315 646 1401 inopinanter
659 1315 771 1382 hoetee
788 1315 946 1400 opprimit
962 1315 1107 1402 magnie-

96 1424 157 1490 que
186 1403 354 1508 emgibuc
383 1403 478 1470 lectio
507 1403 666 1490 plurimes
697 1402 836 1489 preedee
865 1403 944 1490 agie
989 1402 1105 1470 deinde
1125 1413 1161 1466 re

57 1513 167 1559 recum
191 1489 328 1558 Oenrnio
351 1492 481 1578 rignum
510 1490 666 1559 cduentue
693 1492 744 1558 eui
771 1490 926 1576 dedieeet,
952 1488 1107 1558 Oeniniue

95 1579 173 1646 totio
196 1579 312 1646 ceetrie
331 1580 440 1647 subito
463 1578 595 1646 exeiluit
618 1600 752 1665 roreque
778 1579 891 1646 iniecit
917 1578 1014 1646 boeti.
1059 1579 1107 1646 ite

95 1666 198 1733 Fabio
224 1688 263 1733 ex
291 1667 357 1733 elie
383 1672 477 1753 perte
504 1671 538 1734 et
563 1665 701 1734 Caninio
727 1687 766 1733 cx
793 1668 897 1732 elterc
925 1667 1107 1752 insistente,

95 1755 237 1822 meximo
255 1759 289 1820 et
307 1755 459 1821 diuturno
481 1755 568 1822 bello
591 1755 779 1822 innumerae
801 1753 970 1821 Gallorum
993 1755 1106 1841 oopice

96 1842 276 1910 trucideteo
305 1846 391 1910 eunt.
435 1842 510 1910 inde
537 1841 659 1910 Fabius
689 1844 724 1909 in
752 1840 913 1910 Cernutee
942 1842 1107 1929 profectur
1126 1853 1161 1906 rc

56 1949 84 1992 eo
97 1934 161 2016 cet3
191 1931 315 1997 eciebet
346 1931 431 1998 cuim
462 1928 666 1998 Domnccum
697 1931 811 1998 ducem
843 1929 1106 2016 entiquierimum

96 2018 281 2086 rebellionie
309 2019 412 2085 totiue
441 2019 641 2086 incentorem
671 2019 712 2085 eb
742 2017 805 2086 hoc
833 2017 921 2085 bello
951 2018 1107 2104 clupeum,

96 2105 123 2172 ei
146 2105 343 2174 Aremoricie
370 2106 522 2194 gentibue
546 2106 838 2192 adiuncturum,
865 2105 1025 2174 maximoe
1047 2106 1107 2172 ite·

95 2215 166 2261 rum
185 2197 218 2262 in
237 2193 344 2262 Gellio
366 2195 525 2263 tumultur
546 2217 618 2263 eece
640 2199 814 2264 moturum.
850 2194 907 2262 eed
925 2216 982 2262 ceo
1001 2194 1106 2262 odhuc

95 2281 168 2368 ipsc
199 2284 347 2351 nouitete
379 2284 579 2371 trepidanter
610 2285 694 2350 mire
724 2283 847 2351 uirtute
877 2287 913 2350 et
942 2283 1106 2351 celeritate

4 2389 77 2438 nece
94 2371 286 2457 perdomuit.
333 2369 465 2439 linteree
495 2370 635 2458 Dreptee
667 2393 795 2458 unoque
825 2371 996 2457 Lycteriue
1031 2393 1106 2439 cum
1123 2381 1161 2436 tu
1287 2383 1291 2402 ·

57 2477 83 2521 ee
97 2459 208 2526 edeeec
230 2457 402 2526 ominium
431 2464 464 2526 et
490 2459 637 2547 legiones
660 2461 695 2526 in
718 2459 837 2526 linibus
860 2459 927 2526 cuir
949 2458 1106 2545 uiderent,

18 2603 20 2608 .
94 2547 235 2634 undique
263 2546 408 2614 collectie
434 2548 538 2634 copiie
566 2547 720 2635 oppidum
743 2545 984 2616 Vxellodunum
1013 2567 1107 2615 occu-

92 2641 184 2722 pent
205 2713 207 2716 ,
228 2635 292 2704 hoc
318 2634 475 2724 oppidum
502 2637 538 2703 in
566 2636 746 2705 editieeime
773 2634 896 2704 montie
926 2657 1000 2704 erce
1029 2658 1105 2723 pen·
1123 2649 1158 2702 er

94 2724 199 2811 debet,
221 2726 348 2794 duebue
370 2726 521 2814 pertibus
544 2747 603 2813 per
624 2727 764 2813 abrupte
786 2724 892 2793 lutere
912 2746 979 2794 non
1002 2747 1105 2814 peruo

53 2813 224 2883 collumine
246 2815 451 2903 cingebetur,
477 2815 584 2884 medio
606 2815 721 2883 deinde
743 2815 897 2882 deeceueu
920 2815 1106 2904 lurgiecimo

92 2902 185 2971 fonte
211 2925 359 2972 eecurum
386 2904 590 2992 plurimeque
619 2905 797 2973 introrsum
827 2904 922 2992 copie
948 2903 1106 2972 immenti

92 2997 198 3060 tutum
230 2993 349 3061 inrito·
380 2993 493 3081 procul
524 2993 688 3061 dircureur
719 2991 865 3061 hortium
897 2992 1105 3080 derpiciebet

92 3078 258 3167 caninius,
280 3081 366 3169 quod
389 3082 496 3150 colum
516 3081 666 3150 Romane
687 3081 874 3170 prouieicne
896 3083 1014 3168 potuit,
1036 3103 1105 3148 em·
1121 3093 1157 3147 n

92 3168 152 3234 boe
182 3168 279 3235 ducor
307 3190 381 3235 cum
409 3174 504 3255 perte
531 3170 698 3256 copierum
725 3170 865 3257 plurime
890 3169 926 3236 in
953 3190 1104 3324 campum

53 3270 80 3314 ee
93 3259 244 3321 euocetur
267 3256 409 3322 menime
431 3256 554 3340 proelio
578 3259 753 3342 superauit
787 3279 865 3324 nem
887 3278 994 3325 unce
1037 3255 1104 3325 uci-

91 3339 153 3404 bue
175 3340 348 3406 interiecto
371 3342 455 3407 ulter
476 3361 551 3408 cum
573 3343 779 3428 peucieeimie
806 3344 905 3430 fugit,
930 3343 1042 3410 nullur
1068 3343 1104 3410 in

92 3425 247 3512 oppidum
269 3424 374 3492 rediit
409 3426 465 3493 red
484 3426 526 3492 cd
543 3429 577 3495 id
594 3429 847 3516 oppugnendum
865 3429 1003 3499 Oeeeere
1021 3451 1103 3520 cpue
