2744 3800
193 197 198 204 ,
246 111 314 177 242
491 113 598 167 rever
617 112 740 167 oaoen
757 111 1006 166 meronmevu

244 279 316 324 rere
343 257 470 324 boetem
498 256 624 324 uiribus
652 255 780 340 otiosis,
813 253 1023 322 Germaniam
1051 252 1255 356 Galliamque

244 367 444 432 percurrens,
465 347 499 412 in
523 367 582 413 ora
600 345 719 413 Oceani
739 345 824 412 circa
841 348 1048 430 prospectum
1066 341 1256 409 Britanniae

204 511 213 525 ‚
244 435 376 502 restitit
425 457 560 522 eumque
596 435 642 502 ibi
674 432 995 520 Minooynobelinum
1027 430 1255 498 Britannorum

205 551 208 558 ⁴
245 523 700 702 tttltttzlttttlt
719 519 1284 681 tttttmtttttltt‘ttt

202 715 228 791 ..⁸
245 725 333 772 mam
354 703 459 772 rediit
494 703 596 772 isdem
620 663 729 772 autein
746 702 860 770 diebus
879 699 999 787 Iudaei,
1043 701 1077 768 ui
1094 699 1160 768 iam
1179 703 1256 767 tune

56 857 57 860 ,
137 857 142 864 ,
206 819 212 832 ·
244 795 288 861 ob
305 794 490 881 passionem
508 792 632 863 Christi
655 793 778 862 meritis
802 792 920 880 ubique
944 723 1089 860 cladibus
1113 790 1255 877 exagita-

244 883 374 970 bantur,
392 883 478 972 apud
496 883 726 952 Alexandriam
744 883 901 950 seditione
919 882 1070 966 excitata,
1088 881 1184 968 prodi
1229 881 1256 947 ti

244 973 341 1040 oaede
369 978 465 1060 atque
492 973 571 1040 arbe
598 972 760 1060 propulsi,
786 971 1074 1059 expromendarum
1098 991 1196 1056 quere
1210 971 1254 1037 la-

207 1159 226 1214 ἱ
244 1061 829 1218 mffi·ffi“1ffiii⁰n⁰mgdq¹iind⁸m’
851 1061 958 1164 uirum
982 1083 1061 1215 mie
1083 1060 1256 1216 inedpgnps
1271 1077 1297 1121 ιι

243 1171 301 1218 eru
324 1173 335 1216 ι
459 1172 592 1218 aanm
713 1171 859 1217 aosmem
881 1171 1023 1217 maseran
1092 1172 1108 1215 a
1199 1171 1258 1214 ar·

244 1239 321 1328 gala
347 1201 420 1307 euni
448 1171 599 1307 oduinus
627 1238 813 1308 bominibus
839 1243 909 1306 turn
933 1238 1105 1326 praecipue
1127 1236 1256 1304 Iudaeis

243 1327 489 1415 infestissimus,
515 1335 627 1414 sprota
650 1330 812 1417 legatione
835 1327 984 1397 Philonis
1007 1349 1121 1396 omnes
1143 1325 1255 1394 Iudae·

243 1439 337 1484 orum
364 1439 472 1485 eaoras
496 1419 587 1484 sedes
610 1422 707 1506 atque
730 1419 765 1484 in
787 1417 901 1503 primia
924 1417 1094 1503 antiquum
1117 1416 1197 1483 illud
1220 1416 1256 1481 in

243 1505 479 1594 Hierosolymis
498 1503 682 1574 saomlrium
703 1506 871 1593 profanari
894 1505 1061 1573 sacrifieiis
1084 1503 1255 1592 gentilium
1274 1527 1316 1573 ιιι

244 1618 283 1664 ao
309 1596 429 1754 (rlepleri
459 1595 577 1752 ellatuia
607 1595 851 1702 simulacrisque
880 1594 1055 1684 imperauit
1081 1615 1180 1681 seque
1208 1592 1255 1696 ibi
1271 1611 1296 1654 ιι

207 1686 1257 1863 ⁸tattrtttttttt„tltltttttsstttrt

243 1867 400 1955 plurimas
428 1867 602 1936 seditiones
629 1867 664 1935 in
691 1867 927 1955 Hierosolymis
953 1866 1080 1953 excepit
1106 1888 1145 1933 ee
1171 1863 1257 1952 lenit,

243 1957 348 2023 tantis
370 1957 542 2044 inrogante
564 1957 648 2025 Gaio
670 1957 848 2045 angoribus
870 1960 1035 2025 coartatus
1057 1961 1117 2041 est,
1139 1959 1177 2023 ut
1197 1978 1257 2022 sua
1270 1973 1298 2015 ιι

245 2067 280 2112 ae
302 2045 568 2113 traaauerberans
594 2069 693 2114 manu
720 2046 879 2114 malorum
901 2044 1118 2132 conpendium
1142 2046 1257 2112 mortis

209 2135 411 2202 roeleritato
437 2133 621 2222 quaesierit
665 2134 767 2203 Gaius
795 2133 946 2222 Caligula
971 2133 1161 2202 libidinibus
1189 2133 1257 2200 suis

245 2224 343 2290 etiam
369 2223 451 2290 illud
478 2224 607 2291 sceleris
636 2223 767 2310 adiecit,
794 2229 832 2291 ut
858 2245 986 2291 sorores
1013 2245 1089 2290 auae
1116 2222 1256 2312 primum

245 2317 360 2398 stupro
390 2311 562 2398 polluerat,
592 2312 706 2380 deinde
739 2313 836 2380 exilio
868 2313 1045 2380 damnaret
1094 2313 1151 2398 qui
1182 2316 1259 2399 post

246 2421 359 2468 omnes
381 2400 479 2468 simul
502 2401 612 2468 exules
635 2401 731 2468 iussit
753 2400 863 2468 ooeidi
908 2401 979 2487 ipae
1007 2405 1116 2468 autem
1144 2424 1164 2468 a
1191 2401 1257 2468 suia
1272 2417 1298 2460 ιι

196 2499 231 2553 ru
245 2488 485 2575 protectoribus
508 2489 634 2556 oonians
656 2493 715 2557 ert
753 2488 817 2556 duo
839 2489 943 2556 libelli
966 2490 1000 2556 in
1022 2487 1164 2557 aeloretis
1187 2489 1257 2556 eius
1274 2505 1316 2557 ιιι

246 2576 367 2678 reperti
396 2581 487 2662 aunt,
518 2599 655 2680 quorum
682 2577 781 2680 'alteri
811 2577 944 2663 pugio,
975 2578 1069 2645 alteri
1102 2575 1258 2681 gladius

246 2664 1258 2839 tt³ttttttttz⁶tttt‘tlattltlttttt

247 2839 381 2910 nomina
403 2845 438 2910 et
458 2844 555 2910 nolae
578 2841 790 2926 continebant
811 2839 910 2910 morti
932 2839 1175 2910 destinatorum.
1211 2841 1298 2906 ine

247 2936 347 2996 uento
368 2935 421 2996 est
441 2935 476 2997 et
497 2953 573 2998 area
590 2931 707 3020 ingens
729 2931 893 2998 uariorum
911 2953 1120 3016 uenenorum,
1142 2929 1258 3017 quibua

248 3038 324 3083 mox
347 3015 483 3086 Claudio
505 3015 644 3085 anaare
670 3017 803 3086 iubente
828 3017 982 3084 demersio
1009 3019 1130 3085 iniecta
1156 3019 1260 3085 maria

236 3103 422 3172 tradantur
441 3127 509 3174 aon
531 3105 602 3172 eine
624 3127 743 3192 magno
760 3105 898 3193 piscium
916 3105 1026 3191 exitio,
1047 3126 1131 3191 quos
1149 3127 1260 3173 enaca-

247 3197 300 3262 to·
323 3214 381 3280 per
400 3195 550 3280 proxima
571 3194 669 3262 litora
691 3195 814 3282 passim
836 3197 947 3261 aestus
969 3193 1071 3261 eieoit

198 3293 230 3346 ιι
314 3279 472 3388 Magnum
500 3304 615 3351 reuera
642 3281 796 3351 indioium
825 3282 1009 3351 miserantia
1037 3281 1098 3350 Dei
1127 3286 1299 3369 proptera

250 3371 441 3462 mdrsgrum
459 3371 585 3462 gratiae
603 3372 639 3442 in
661 3373 816 3462 populum
838 3371 994 3441 eontinuo
1017 3393 1056 3441 ex
1078 3376 1170 3462 parte
1193 3391 1260 3440 ere·

249 3461 392 3530 diturum
415 3467 450 3530 et
469 3467 604 3548 propter
627 3462 697 3531 irae
724 3467 1014 3550 temperamentum
1041 3464 1077 3531 in
1103 3463 1259 3552 populum
