2800 3790
71 16 81 158 3

72 184 77 231 l

304 128 351 198 80
544 132 654 188 PAVLI
671 131 796 188 onosu
813 131 1062 186 merosum

297 277 448 362 gentium
469 276 624 343 barbaria
640 277 789 344 Persicae
811 273 1019 364 erpelditioni
1042 278 1077 344 in
1100 278 1213 345 Asiam
1235 281 1312 348 mis·
1326 295 1351 336 ¹²·
1364 285 1388 329 ¹¹

256 373 281 426 4
299 384 395 430 surus
408 365 571 431 instruxit
592 369 659 430 tres
673 365 779 450 duces,
791 364 854 434 hoe
867 368 918 431 est
930 364 1179 432 Parmenionem
1192 367 1314 452 Amyn·

296 455 367 516 mm
385 456 420 516 et
432 452 591 536 Attalum,
609 451 914 537 praemittendos·in
929 452 1047 518 Persas
1066 453 1155 538 leffl't
1183 459 1217 520 et
1235 455 1313 521 dum

297 539 538 623 suprmcriptae
552 539 665 622 copiae
678 537 718 604 de
727 537 862 604 Graecia
876 543 1122 625 congregantur,
1136 541 1314 608 Alexandri

297 657 344 672 -·
366 625 422 711 qui
448 630 520 692 erat
541 623 746 711 Olympiadis
772 625 883 692 uxoris
911 646 989 691 suae
1014 625 1117 692 frater
1139 631 1272 714 etpost
1294 650 1315 695 a
1341 646 1356 691 s

256 725 263 736 '
298 708 430 779 Sabinis
452 713 487 780 in
508 711 654 779 Lucania
673 716 858 797 prostratus
880 718 933 780 est
955 749 1007 798 -,
1028 734 1125 800 quem
1147 713 1241 799 Epiri
1263 736 1312 782 re·

297 817 374 884 genu
401 800 444 868 ob
471 799 650 866 mercedem
676 801 781 885 stupri
803 801 838 866 in
859 822 933 866 eum
955 802 1133 886 perpetrati
1156 803 1314 870 constitu·

296 891 378 972 erat,
399 887 533 974 nuptias
555 889 591 955 in
614 886 796 974 copulando
819 887 850 955 ei
872 888 975 954 liliam
998 910 1091 955 suam
1106 887 1312 975 Cleopatram

61 969 63 979 '
210 1027 216 1034 .
257 976 460 1044 coelebrcre
487 977 638 1044 decreuit
682 977 738 1063 qui
766 997 840 1044 cum
863 975 968 1062 pridie
992 998 1089 1064 quam
1111 977 1314 1047 occideretur

298 1063 519 1152 interrogatus
544 1054 680 1150 ‘misssq
717 1063 790 1153 quis
822 1065 895 1132 linis
929 1065 1056 1151 bomini
1088 1066 1194 1154 magis
1226 1073 1354 1136 essetne

254 1208 255 1211 ,
297 1155 474 1240 optandus,
499 1153 704 1240 respondisse
726 1155 843 1240 fertur,
867 1175 939 1221 eum
963 1176 1035 1221 esse
1057 1155 1231 1241 optimum,
1256 1157 1312 1245 qui

297 1243 370 1311 uiro
383 1243 461 1312 forti
472 1248 550 1330 post
562 1241 720 1311 uirtutum
735 1265 868 1310 suarum
881 1241 1003 1331 glorias
1017 1243 1051 1310 in
1065 1265 1145 1330 pace
1158 1247 1310 1332 regnanti

297 1333 369 1403 sine
395 1333 635 1404 conflictatione
657 1334 802 1423 corporis
825 1338 859 1401 et
881 1332 1036 1402 dedecore
1058 1332 1160 1401 animi
1183 1335 1312 1404 subitus

299 1429 334 1492 et
359 1425 445 1494 celer
471 1425 640 1512 inopinato
667 1425 753 1494 ferro
775 1423 938 1512 potuisset
959 1423 1116 1493 cecidere:
1139 1424 1225 1514 quod
1248 1426 1311 1514 ipsi

256 1523 375 1582 emox
402 1515 530 1600 obtigit
574 1535 635 1582 nec
664 1515 708 1581 ab
736 1515 829 1580 iratis
857 1515 921 1600 dis,
952 1536 1033 1601 quos
1059 1517 1153 1602 parui
1182 1535 1351 1603 semperne

298 1600 454 1688 penderat
475 1623 676 1691 quorumque
699 1623 772 1668 aras
789 1602 914 1688 templa
932 1608 966 1667 et
984 1603 1158 1670 simulacra
1176 1605 1310 1672 subuer-

297 1695 392 1778 tent,
414 1690 492 1779 quin
513 1691 744 1758 electissimam
766 1695 803 1758 ut
824 1690 887 1777 ipsi
910 1691 1082 1758 uidebatur
1099 1695 1235 1758 mortem
1255 1691 1312 1759 ad·

260 1779 503 1868 sipisseretur,
530 1781 639 1869 potnit
659 1780 809 1868 inpediri
852 1801 928 1848 nam
952 1779 1004 1848 die
1026 1780 1214 1868 nuptiarum
1237 1804 1311 1850 oum

297 1869 339 1934 sd
364 1869 459 1936 ludos
486 1870 656 1956 magnifiee
683 1875 858 1954 apparatos
884 1870 971 1936 inter
998 1871 1079 1937 duos
1107 1869 1311 1938 Alexandros

297 1955 399 2022 lilium
422 1977 638 2044 generumque
660 1956 879 2041 contenderet,
901 1977 922 2022 a
938 1956 1102 2023 Pausania
1119 1958 1221 2035 nobili
1240 1958 1310 2025 Ma-
1324 1976 1352 2019 ro

296 2043 453 2112 redonum
475 2044 680 2113 adulescente
701 2045 736 2112 in
759 2044 921 2133 angustiis
944 2044 1015 2111 sine
1037 2045 1226 2114 custodibus
1249 2047 1310 2114 oir-

299 2139 489 2201 cumuentus
511 2135 636 2202 occisus
660 2139 719 2202 est.

255 2229 277 2282 a
365 2222 529 2289 Adserant
563 2243 650 2289 nune
686 2221 861 2308 multisque
894 2221 976 2288 haec
1007 2223 1144 2290 uocibus
1176 2225 1311 2292 efferant

214 2367 217 2371 .
297 2310 390 2398 quasi
414 2309 559 2377 uirorum
581 2309 715 2377 fortium
739 2309 851 2376 laudes
874 2313 908 2376 et
929 2309 1018 2375 iacta
1039 2309 1162 2395 felicia,
1190 2313 1308 2399 quibus

297 2390 528 2466 amarissimae
543 2398 680 2466 aliorum
704 2398 907 2466 calamitates
929 2397 963 2464 in
983 2396 1092 2466 dulces
1111 2399 1242 2467 fabulas
1260 2421 1308 2468 ce·
1322 2415 1349 2459 π

296 2487 387 2573 dont,
404 2489 556 2556 sitamen
569 2509 747 2575 numquam
761 2487 824 2574 ipsi
838 2487 983 2572 iniurias,
1000 2488 1118 2575 quibus
1133 2488 1309 2576 aliquando

258 2581 470 2664 aummtur,
495 2577 602 2646 relatu
628 2576 773 2646 tristiore
797 2576 976 2663 deplorant
1021 2577 1050 2644 si
1073 2599 1150 2644 uero
1174 2577 1213 2645 de
1236 2600 1310 2665 pro·

294 2665 378 2754 priis
400 2667 611 2755 querimoniis
634 2669 763 2733 tantum
781 2665 865 2732 alios
883 2664 1051 2732 audientes
1071 2663 1165 2733 adfici
1184 2667 1310 2754 uolunt,

296 2759 453 2844 quonum
485 2754 548 2844 ipsi
579 2754 790 2844 perpetiendo
818 2758 1001 2838 senserunt,
1032 2753 1123 2840 prius
1151 2753 1213 2842 ipsi
1241 2776 1309 2823 non

295 2845 520 2934 praesentibus
545 2844 722 2935 praeterita
744 2845 800 2911 sed
823 2841 925 2933 gestie
948 2846 1043 2932 gesta
1065 2841 1253 2932 conlparent
1275 2849 1309 2913 et
1321 2871 1344 2914 n
1359 2863 1388 2907 ru

295 2941 503 3045 ntrsqqeoer
534 2935 647 3042 auditu
680 2935 771 3004 uelut
801 2931 1128 3040 alienorumurbitri
1157 2933 1349 3005 indicente

237 3035 279 3094 ¹⁰
294 3023 1231 3226 {sedetettlttttttttttttttssttt
1251 3049 1309 3188 ll?

296 3209 1086 3387 attenltptlltqttltfnffit
1104 3213 1349 3388 ..Ἥῶ

237 3391 281 3454 ΙΙ
297 3387 418 3457 lerocia
450 3394 486 3457 et
522 3388 709 3457 dominatus
745 3387 894 3477 agitauit
944 3387 1130 3455 sufficerent
1164 3387 1230 3454 ists
1267 3387 1309 3454 ad

246 3569 258 3590 ι
294 3478 479 3565 exemplum
492 3477 698 3546 miseriarum
711 3477 877 3546 insinuata
885 3475 1061 3543 memoriae
1072 3478 1206 3541 nostrae
1215 3477 1310 3559 gesta

1305 3649 1388 3688 A
