2820 3778
318 78 516 132 novumn
531 76 698 131 enerues
716 78 772 130 nn
790 81 833 132 ra
852 80 895 133 ua.
1059 71 1123 140 125

18 249 42 291 a
55 239 96 283 Ν
177 221 284 289 ¹Anno
307 220 349 287 ab
371 221 451 288 urbe
473 219 605 288 condita
627 237 701 288 ιω,
719 218 755 286 L
773 219 932 286 Aemilius
949 217 1073 286 Paulus
1090 221 1125 285 et
1138 222 1178 282 ld

107 309 145 377 Ρ.
161 309 334 377 Terentius
352 305 461 377 Varro
484 309 632 376 eonsules
655 311 770 375 eontra
786 306 1008 376 Hannibalem
1030 306 1124 374 missi

108 398 306 484 inpatientia
326 395 488 466 Varronis
511 396 652 464 oonuulis
681 395 903 463 inielioiasirne
931 395 1017 481 apud
1041 392 1125 463 Can·

108 508 169 553 nas
192 485 334 572 Apuliae
360 485 469 552 uiam
492 505 605 551 ornnes
628 505 730 570 paene
753 481 921 550 Romanae
943 506 960 549 e
1003 482 1124 549 inires

80 574 326 664 sperdiderunt
369 595 447 643 nanu
474 572 510 643 in
532 594 571 642 ea
591 593 703 664 pugna
724 589 824 640 xum
846 572 938 642 milia
1011 580 1160 640 mano-t

107 689 180 734 rum
199 665 369 734 interieeta
392 668 479 751 suut,
501 687 698 753 quamquam
721 667 755 731 et
777 664 817 732 de
839 664 983 733 exereitn
1000 661 1125 730 Hanni·

107 755 193 820 halis
216 775 338 841 magna
354 776 431 839 paru
450 775 545 820 oaesa
563 758 624 820 est
659 753 751 820 nullo
769 757 880 818 tamen
898 752 1021 818 Puuioo
1039 752 1125 817 bello

108 841 248 909 Romani
276 841 357 909 adeo
385 840 427 907 ad
454 845 601 908 extrema
627 839 855 906 internecionis
884 839 1017 906 adduoti
1040 842 1126 905 eunt

107 929 207 1018 periit
228 930 314 998 enim
337 929 372 996 in
395 949 434 998 eo
457 929 571 997 oouaul
594 927 753 997 Aemilius
776 927 914 1015 Paulus,
935 927 1160 996 consularest

69 1023 167 1087 roeut
187 1019 343 1124 praetorii
366 1019 429 1087 uiri
452 1018 572 1106 uiginti
596 1017 761 1085 interiecti
780 1021 865 1104 suni,
887 1020 1054 1086 senatores
1072 1016 1125 1084 uel

108 1113 198 1194 captu
226 1108 279 1175 uel
306 1107 406 1174 oeoisi
434 1111 512 1174 sunt
542 1107 587 1173 tri
611 1106 619 1122 '
643 1109 693 1191 ta,
724 1106 851 1173 nobiles
882 1106 947 1173 uiri
978 1105 1127 1190 ueoeuti,

108 1195 308 1280 pedestrium
326 1195 469 1261 militum
487 1211 535 1260 ιι
554 1193 600 1260 rni
615 1195 632 1277 '‚
676 1194 823 1278 equitum
841 1194 906 1260 tria
924 1193 1017 1260 milia
1034 1193 1126 1280 quin·
1276 1249 1280 1258 .

109 1283 210 1371 genti
249 1280 356 1350 Varro
379 1283 493 1351 ooneul
517 1304 590 1349 eum
613 1281 852 1370 quinquaginta
874 1281 1038 1368 equitibus
1061 1278 1127 1347 Ve-

109 1372 240 1440 nusiunr
270 1371 368 1460 sugit.
410 1392 471 1439 nee
497 1370 631 1439 dubium
658 1375 709 1438 est
736 1370 889 1439 ultimum
917 1371 1010 1438 illum
1039 1368 1163 1437 diemo
1307 1405 1309 1410 ,

71 1459 251 1529 uRomani
274 1464 379 1529 status
402 1459 549 1527 tutonem
571 1459 686 1546 inisse,
714 1459 743 1526 ai
765 1459 931 1527 Hannibal
953 1479 1029 1527 mox
1074 1461 1128 1526 oet
1326 1503 1328 1512 ·

110 1550 281 1616 uictoriam
303 1549 345 1616 ad
367 1548 609 1635 persuadendam
632 1549 747 1616 urbem
768 1548 999 1615 contendisset
1070 1559 1163 1613 ana
1307 1599 1309 1609 ,

109 1638 201 1705 nibal
218 1639 255 1705 in
277 1637 502 1706 testimouium
525 1637 682 1706 uictoriae
706 1658 783 1704 suae
806 1641 873 1704 tres
896 1635 1024 1704 modios
1047 1657 1126 1703 anu·
1325 1635 1330 1664 ·'

111 1726 218 1794 lorum
241 1747 411 1795 aureorum
433 1724 665 1882 (lauthaffiqmm
688 1725 788 1810 misit,
808 1747 890 1814 quos
914 1747 954 1793 ex
976 1724 1126 1792 manibus

110 1814 358 1884 interieetorum
381 1814 529 1903 equitum
603 1836 775 1883 manorum
798 1819 1048 1902 senatorumque
1071 1811 1124 1880 de·

73 1907 267 1972 ”nuent
315 1925 418 1991 usque
449 1904 531 1971 adeo
562 1907 672 1971 autem
704 1904 822 1970 ultima
851 1903 1037 1990 desperatio
1069 1903 1164 1970 rei-e

110 1992 260 2078 publiano
282 1993 368 2078 apud
387 1991 535 2058 residuos
553 1990 722 2060 Romanos
743 1991 816 2078 fuit,
838 1994 875 2057 ut
897 1996 1065 2059 senatores
1088 1989 1128 2057 de

22 2105 46 2148 o
59 2096 99 2140 ⁸⁶²
112 2079 325 2168 relinquendo
356 2079 454 2147 ltalia
489 2079 685 2167 sedibusque
720 2078 913 2168 quaerendis
949 2077 1128 2148 eonutium

111 2170 287 2237 ineundum
305 2169 462 2257 putarint.
499 2168 585 2275 quod
604 2171 736 2238 anctore
749 2167 891 2238 Caecilio
904 2167 1037 2238 Metello
1052 2191 1128 2237 oon-

111 2259 277 2327 firmatum
304 2258 434 2347 lenset
460 2258 525 2326 nisu
548 2256 719 2328 Cornelius
742 2256 851 2348 Scipio
878 2259 1029 2328 tribunus
1050 2263 1130 2326 nuno

72 2349 268 2435 militum,
286 2347 383 2438 ,idern
416 2349 472 2437 qui
504 2355 581 2436 post
612 2349 800 2437 Africanus,
832 2349 987 2419 destricto
1019 2347 1129 2440 gladio

111 2439 323 2506 deterruisset
349 2458 388 2504 ao
415 2439 525 2524 potius
555 2460 614 2524 pro
640 2439 768 2525 patriae
796 2437 983 2507 defensioue
1011 2439 1046 2507 in
1070 2459 1130 2506 aaa

55 2601 57 2608 ,
111 2526 214 2595 uerba
234 2527 343 2595 iurare
367 2528 536 2616 ooegieset
581 2524 720 2595 Romani
743 2527 785 2595 ed
809 2549 901 2616 spem
922 2528 1010 2596 uitae
1034 2526 1163 2616 quasi'l

112 2618 153 2685 ab
176 2615 293 2685 inieris
313 2617 476 2702 respirare
499 2615 572 2685 ausi
594 2616 786 2685 dictatorem
808 2615 978 2685 Decimum
1000 2616 1130 2685 Iunium

112 2709 237 2774 creent:
266 2707 322 2793 qui
348 2706 470 2774 dileotu
492 2705 607 2775 habito
630 2706 673 2773 ab
695 2707 790 2775 annis
813 2705 922 2774 decem
946 2711 981 2775 et
1002 2710 1128 2794 septem

72 2795 305 2865 »maturae
334 2795 603 2885 inordinataeque
633 2795 770 2865 militiae
799 2799 954 2886 quattuor
981 2795 1129 2886 legiones

111 2885 335 2975 undecumque
371 2885 544 2955 connexit
592 2887 672 2955 tuno
708 2886 807 2955 etiem
843 2907 956 2956 seruos
992 2885 1165 2975 speetatie

113 2977 240 3045 roboris
263 2998 302 3045 ae
324 2976 507 3046 uoluntatis
529 2976 584 3045 nel
606 2975 737 3046 oblatos
760 2976 823 3065 uel,
846 2977 874 3046 si
891 2977 940 3046 ite
957 2997 1038 3066 opus
1057 2975 1131 3064 init,

111 3067 242 3153 publico
265 3067 372 3153 pretio
395 3069 523 3154 emptos
546 3065 606 3134 sub
629 3065 728 3135 titulo
746 3067 908 3135 libertatis
926 3071 1130 3137 nomento

82 3203 87 3214 ·
113 3155 250 3225 militiae
272 3153 392 3245 adegit
432 3178 534 3244 arma,
556 3177 641 3246 quae
663 3156 806 3247 deerant,
828 3157 961 3246 templis
983 3156 1131 3226 deuexa·

72 3261 100 3305 σὺ
113 3250 204 3333 runt,
231 3246 340 3336 egenti
367 3247 493 3317 aerario
520 3246 668 3335 priuatae
696 3268 774 3335 opes
801 3247 930 3317 refusae
952 3251 1039 3318 sunt
1083 3248 1131 3317 ita
1272 3291 1277 3302 ·
1336 3236 1341 3307 ἶ
1397 3247 1398 3260 ’

114 3340 264 3422 equester
290 3335 383 3421 ordo,
410 3336 459 3404 ita
486 3337 581 3425 plebe
609 3337 738 3426 trepide
766 3337 870 3406 oblita
892 3338 1072 3408 studiorum
1094 3337 1130 3404 in

114 3442 285 3491 commune
303 3424 475 3493 consuluit
509 3424 622 3493 Iunius
645 3446 773 3514 quoque
794 3427 937 3496 dietator
958 3427 1165 3518 antiquane
