2826 3784
406 162 603 216 rnvnnsvn
619 161 826 216 ssomosv
847 166 960 218 ιι-ιι.
1134 158 1199 226 159

185 309 355 390 umquem
378 325 484 373 eroem
507 304 689 391 ooeupsnit
724 309 839 372 contre
857 303 897 372 D.
910 303 1032 370 Brutus
1054 305 1107 372 uir
1123 315 1237 372 oon-s

185 392 302 460 soleris
325 414 346 460 e
367 391 452 460 oliuo
474 392 622 461 Publieio
644 413 717 459 oum
740 392 868 479 ingenti
891 392 1067 460 eertnmine
1089 392 1199 459 inurit

184 481 231 550 ibi
261 479 396 550 Fleeous
428 481 484 550 diu
516 480 772 551 obstinatissime
808 481 988 569 dimieeuit5
1024 480 1199 566 Greeohus,

184 576 359 659 postqum
381 571 417 638 in
438 572 598 658 templum
620 571 786 639 Mineruae
807 576 995 658 senesseret,
1016 571 1127 658 gladio
1148 571 1199 638 in·

157 659 336 728 ecnubere
359 661 481 747 uolens,
503 663 688 728 interuentu
711 659 856 727 Leetorii
877 663 1023 727 retentus
1045 664 1106 728 eet
1137 659 1198 726 its·

90 763 167 818 sm
185 770 247 838 que
273 747 353 815 loum
375 748 430 816 diu
452 770 571 836 enoeps
588 749 712 817 bellum
731 750 921 837 egitsretur,
943 747 1074 816 leudem
1097 746 1198 834 segit-

183 837 261 905 terli
283 837 326 903 sb
344 835 475 922 Opimio
497 837 591 905 missi
614 841 796 905 consertum
818 836 1058 904 multitudinem
1081 835 1199 902 distur-

184 926 352 1004 lieuerunt
396 925 461 992 dno
483 923 592 992 Flsoei
619 931 711 1010 peter
737 926 886 1012 filiusque
909 945 983 992 eum
1005 945 1065 1010 per
1086 923 1236 990 eedeM

182 1012 294 1081 Lunee
308 1013 342 1080 in
355 1013 518 1100 priuatum
532 1013 663 1080 domum
679 1013 887 1081 desiluissent
900 1011 1049 1099 leuesque
1062 1011 1197 1079 obieris·

82 1137 85 1142 ·
143 1118 170 1160 ιο
184 1108 266 1256 aput,
287 1101 427 1168 resoisso
449 1101 584 1206 oretieio
606 1101 738 1256 periettp)
747 1101 891 1170 confossi
909 1099 1195 1256 suntfibiireoohus

218 1214 240 1257 u
289 1210 326 1256 ro
354 1208 389 1256 se
415 1210 528 1257 emrors
578 1213 600 1256 u
646 1211 778 1256 snrns
805 1211 843 1258 eo
888 1211 986 1256 erenn
1038 1210 1138 1255 usse

183 1278 225 1346 sd
247 1211 381 1364 plrntem
399 1211 577 1345 sublieiunl
589 1210 738 1364 psenrnenit
754 1212 938 1366 ibiqnefne
956 1277 1051 1343 uiuus
1069 1207 1198 1362 οιιριξὶἵ

182 1370 251 1451 tur,
273 1365 431 1432 nerninem
454 1385 548 1432 seruo
571 1387 631 1432 suo
653 1366 811 1450 praebuit
856 1367 956 1453 oeput
977 1364 1115 1432 Greoohi
1143 1367 1232 1431 οιΑ

184 1454 286 1522 oisnm
309 1451 436 1519 consuli
459 1452 605 1520 edietum
628 1457 693 1538 est,
715 1474 833 1538 eorpus
856 1452 898 1520 sd
920 1451 1106 1522 Cornelium
1128 1473 1196 1518 me·

143 1555 169 1597 ¹⁸
182 1544 266 1608 trem
296 1539 456 1607 Misenum
486 1540 642 1626 oppidum
672 1540 843 1608 deuectum
872 1545 931 1608 est
975 1540 1056 1606 heeo
1087 1543 1196 1606 entem

183 1627 343 1712 Cornelis,
361 1627 508 1695 Afrioeni
526 1629 659 1697 maioris
677 1629 755 1712 lille,
772 1627 943 1714 Misenum,
959 1634 998 1695 ut
1014 1627 1091 1712 dixi,
1112 1627 1197 1714 prio·

181 1717 227 1783 ris
246 1715 305 1783 lilii
323 1719 428 1782 morte
446 1721 633 1784 secesserat.
667 1715 754 1783 bone
767 1715 904 1784 Grseohi
921 1715 1087 1802 publicato
1105 1717 1195 1799 sunt3

182 1803 315 1871 Ilioneus
338 1803 525 1871 eduleeoens
548 1803 583 1872 in
604 1804 721 1872 robore
744 1807 879 1872 neeetus
902 1810 966 1890 est3
992 1824 1032 1870 ex
1054 1801 1197 1870 lectione

183 1890 321 1960 Greoohi
344 1891 475 1960 ducenti
499 1893 738 1982 quinquaginta
754 1891 790 1960 in
804 1892 971 1962 Auentino
990 1890 1076 1962 onesi
1094 1889 1195 1960 luisse

141 1981 376 2050 meles-untur.
421 1980 569 2067 Opimius
596 1984 711 2051 consul
738 1983 823 2051 siout
849 1984 884 2050 in
906 1983 993 2051 bello
1015 1981 1111 2050 fortis
1132 1979 1197 2048 init
1215 1985 1251 2038 ¹⁰

87 2083 165 2138 ιω
184 2069 241 2137 litu
267 2071 301 2137 in
330 2071 521 2156 quaestione
547 2071 695 2138 erudelis.
740 2093 817 2138 nem
845 2071 991 2157 amplius.
1012 2071 1079 2138 tris
1104 2069 1220 2137 milis·

180 2159 350 2226 hominum
369 2159 536 2244 suppliciis
554 2161 696 2245 neosuit,
713 2182 752 2227 ex
771 2161 889 2247 quibus
907 2159 1040 2245 plurimi
1053 2180 1095 2227 ne
1109 2159 1196 2228 diets
1326 2219 1331 2228 .

180 2247 310 2336 quidem
334 2267 432 2314 oense
452 2247 642 2316 innoeentes
665 2247 828 2318 irrterlsoti
851 2253 938 2317 sunt

246 2334 355 2403 Isdem
381 2336 583 2421 temporibus
605 2335 757 2405 Metellus
779 2335 934 2405 Baleares
960 2337 1083 2406 insules
1107 2337 1194 2406 bello
1211 2343 1249 2402 1⁸

138 2439 167 2483 '⁶
179 2446 281 2580 tt*
300 2423 1084 2583 llt‘tlittllsslttli‘ttttll’
1096 2447 1195 2583 etz

179 2602 1229 2782 sewun*

178 2781 265 2851 bello
294 2780 388 2868 uiuit,
416 2781 556 2851 mnxime
585 2805 660 2852 oum
688 2784 937 2871 elephantorum
967 2804 1056 2852 none
1086 2782 1193 2851 iorme

137 2885 165 2931 υ
179 2871 252 2960 eqni
265 2869 409 2940 hostium
424 2871 602 2963 hostesque
614 2875 781 2942 oontem'ti
795 2872 1016 2962 diffugissents
1033 2891 1082 2940 xx
1100 2871 1194 2940 milis

177 2961 225 3031 ibi
240 2960 460 3050 Allobrogum
477 2983 573 3032 oeese
589 2961 783 3052 referuntur,
800 2962 865 3032 trie
883 2963 977 3032 milis
993 2967 1090 3051 nepte
1108 2965 1193 3030 sunt

59 3085 63 3094 ·
244 3050 369 3120 Eodem
391 3055 538 3140 tempore
559 3052 669 3121 Aetne
690 3075 785 3123 mons
807 3053 895 3122 ultre
916 3053 1049 3123 solitum
1072 3051 1227 3120 exserite

181 3145 216 3210 et
244 3142 445 3210 torrentibus
474 3141 580 3230 igneis
603 3142 784 3232 superfusis
812 3143 941 3232 letoque
970 3141 1192 3212 eireumllnen·

171 3231 265 3300 tibus
288 3227 446 3301 Ordinem
474 3233 589 3302 urbem
616 3233 762 3322 finesque
788 3231 857 3302 eins
884 3231 1049 3322 oppressit
1077 3231 1126 3302 its
1154 3235 1193 3299 nt

135 3337 163 3382 ss
177 3325 264 3390 teoto
286 3320 414 3388 sedium
436 3321 551 3390 oelidis
574 3321 739 3392 eineribus
779 3328 910 3392 rssusts
926 3327 961 3392 et
976 3325 1193 3412 praemonstr

177 3415 384 3480 conmersntr
406 3409 499 3480 ouius
517 3411 722 3482 lenrndseel
766 3413 795 3482 is
813 3434 913 3483 eouss
930 3417 1062 3482 senstus
1082 3411 1190 3482 slsoem

176 3519 337 3567 snnornm
358 3499 532 3586 uectigalis
555 3500 784 3570 Catinensibus
806 3503 942 3572 remisit
