2800 3790
291 116 335 183 82
540 119 649 174 ram
666 118 789 174 0808ss
806 119 1054 173 ntsromsavsr

76 179 82 378 ἕ
290 259 389 415 m
412 259 533 414 m
560 261 613 328 nel
642 259 774 328 caedere
803 259 1009 344 destiterunt,
1038 259 1103 326 nisi
1129 263 1303 346 postquam

515 347 615 414 itibus
644 351 680 414 et
708 351 805 434 eapte
832 346 905 414 duoi
932 367 1044 414 eorum
1070 348 1185 436 iugum
1211 369 1303 434 repo·

75 477 78 485 -
229 445 273 498 10
289 439 432 502 morunt
469 433 562 502 'idem
584 434 700 502 deinde
717 433 865 520 Papirius
883 433 1046 503 Satricum
1131 435 1204 502 ulso
1227 435 1303 502 inde
1316 463 1340 504 s.
1353 453 1392 496 sss

73 528 78 610 ξ
170 585 175 594 ,
288 520 469 590 Samnitioo
519 522 658 590 raesidio
686 523 887 609 expugnauit
913 526 948 590 et
973 523 1068 609 oepit
1138 522 1167 590 ‘e
1195 527 1303 590 autern

287 608 439 694 Papirius
467 545 549 677 adeo
574 615 654 678 tuno
676 609 762 697 apud
786 609 951 678 Romanos
975 610 1241 678 bellioosissimua
1265 633 1302 678 so
1330 627 1344 671 s

287 695 532 763 munimus
561 695 758 782 habebatur,
786 700 824 763 ut
852 719 926 764 oum
953 698 1138 764 Alexander
1162 697 1303 784 Magnus

286 783 459 888 disponere
495 783 655 852 dioemtur
690 783 733 851 ab
770 785 896 852 oriente
928 784 1123 852 deseendeus
1155 784 1302 852 obtinere

286 871 413 940 uiribus
435 871 581 940 Africam
604 876 702 960 atque
723 871 800 938 iude
821 872 856 938 iu
877 871 1010 940 ltaliam
1032 872 1215 959 transuehi,
1237 871 1301 940 Ro·

288 961 378 1030 mani
405 961 493 1030 iuter
518 966 643 1031 eeteros
670 961 766 1030 duoes
789 965 868 1031 tuno
891 961 924 1030 in
948 961 1115 1050 republica
1138 983 1198 1031 sus
1220 963 1302 1051 opti·

287 1073 360 1120 nuos
391 1051 478 1119 hune
508 1053 715 1140 praecipuum
747 1051 817 1120 lore
848 1053 904 1139 qui
936 1051 1112 1121 Alexandri
1144 1053 1301 1140 impetum
1315 1071 1343 1114 ro

67 1179 70 1190 =
288 1141 449 1208 sustinere
470 1146 583 1226 posset
605 1140 847 1208 meditarentur.

92 1293 96 1300 ,
225 1232 274 1291 10
355 1227 461 1316 Igitur
482 1228 668 1294 Alexander
694 1249 780 1294 anno
803 1229 846 1295 ab
870 1229 951 1295 urbe
973 1228 1106 1296 eondita
1129 1244 1301 1297 ccccxxvr

286 1314 376 1404 patri
398 1315 550 1404 Philippo
577 1317 734 1384 suerunt
760 1315 795 1383 in
822 1336 974 1405 regnum:
1001 1317 1058 1404 qui
1086 1317 1226 1405 primsnr
1249 1339 1301 1384 ex·

328 1404 480 1471 rientianu
506 1405 608 1473 mimi
633 1409 667 1472 et
687 1405 821 1472 uirtutis
845 1427 923 1472 suae
946 1407 1130 1493 conpressis
1153 1406 1301 1474 oeleriter

318 1514 484 1560 raeooruru
502 1493 647 1560 motibus
665 1493 764 1576 dedit,
781 1494 899 1581 quibus
914 1499 1037 1574 suetor,
1055 1499 1094 1562 ut
1107 1494 1149 1561 sb
1162 1495 1300 1580 irnperio
1315 1509 1342 1554 ιι

285 1579 500 1650 hisoedonurn
522 1581 710 1668 deflessent,
731 1581 968 1651 Demosthenes
991 1587 1102 1650 orator
1124 1604 1204 1649 auro
1226 1581 1302 1674 Per·

246 1681 397 1740 asarum
418 1675 588 1759 eorruptus
611 1672 790 1740 exstiterat.
821 1672 932 1760 itaque
952 1670 1208 1740 Atheniensibus
1231 1670 1298 1738 bel·

285 1761 356 1829 luna
377 1761 626 1850 deprecantibus
648 1761 784 1849 remisit
806 1783 888 1849 quos
906 1761 1041 1850 insuper
1059 1761 1158 1829 etiam
1177 1761 1298 1829 multae

285 1853 376 1918 metu
407 1851 520 1938 soluit;
551 1850 726 1920 Thebanos
756 1872 830 1920 oum
862 1849 981 1920 dilruts
1009 1850 1142 1920 ciuitate
1169 1850 1296 1936 deleuit,
1310 1878 1333 1920 r·
1350 1868 1388 1914 sar

284 1939 344 2006 reli
367 1961 426 2007 uos
453 1939 514 2006 sub
542 1960 662 2008 ooroua
689 1940 850 2026 uendidit3
882 1944 1006 2007 ueteres
1034 1941 1131 2006 urbes
1154 1939 1299 2007 Achaiae
1313 1957 1341 1999 ιο

284 2031 320 2094 et
388 2027 524 2094 esselise
544 2027 723 2115 uectigales
741 2027 832 2113 leoit3
854 2025 986 2112 Illyrios
1003 2048 1131 2113 quoque
1149 2031 1184 2093 et
1199 2027 1300 2094 Thra·

246 2126 342 2182 aeas
361 2115 523 2182 hanelato
541 2136 617 2182 mox
635 2114 755 2182 abhino
771 2115 860 2182 bello
877 2114 1012 2181 domuit.
1046 2114 1122 2182 inde
1139 2114 1300 2200 proleotu·

286 2225 343 2270 rus
365 2203 406 2270 ad
423 2202 587 2270 Persicum
611 2203 732 2270 bellum
755 2223 869 2270 ornnes
891 2207 1049 2290 cognatos
1072 2223 1111 2270 ae
1133 2201 1300 2288 proximos

287 2313 364 2358 auos
385 2291 559 2360 interiecit.
602 2291 637 2359 in
659 2290 801 2359 exereitu
824 2291 893 2358 eius
915 2291 1007 2359 fuere
1028 2291 1174 2376 peditum
1197 2308 1300 2358 xxxn

285 2380 387 2466 suilla,
408 2381 555 2467 equitm
573 2395 629 2447 nn
647 2380 739 2447 milia
756 2379 935 2467 quingenti,
957 2399 1059 2446 naues
1078 2395 1206 2447 σιω.
1237 2378 1300 2447 hae
1314 2391 1341 2438 Ι

287 2473 357 2534 tarn
385 2491 487 2554 parua
515 2489 614 2536 mann
643 2468 831 2535 uniuersum
860 2472 1020 2535 torrarm
1049 2467 1162 2534 orbern
1191 2471 1301 2534 utrum

366 2555 374 2572 '
412 2555 511 2622 bilius
543 2556 589 2621 ait
617 2555 695 2641 quia
723 2555 839 2621 uioerit
866 2574 909 2619 an
936 2554 1014 2640 quia
1041 2553 1174 2640 adgredi
1201 2575 1301 2622 ausus

249 2641 389 2710 afuerit
408 2643 569 2710 insenum
591 2647 650 2708 est
686 2641 792 2728 primo
815 2641 885 2708 eius
907 2662 982 2708 eum
1003 2639 1104 2706 Dario
1126 2659 1204 2725 rege
1226 2660 1301 2708 oon·

287 2751 401 2819 gressu
431 2734 581 2798 sesoents
607 2728 699 2796 milia
726 2729 898 2796 Persarum
924 2729 959 2794 iu
986 2726 1056 2794 soie
1084 2727 1189 2812 inere,
1218 2747 1300 2882 Ἕω

287 2840 353 2886 non
375 2817 482 2886 minus
504 2823 575 2886 arte
597 2816 773 2885 Alexandri
796 2820 950 2904 superata
971 2836 1069 2902 quam
1091 2813 1213 2883 uinute
1267 2837 1300 2882 a·
1313 2830 1342 2874 ω

287 2907 447 2974 oedonum
473 2910 569 2994 terga
593 2909 769 2973 nummus
814 2923 937 2992 magna
962 2902 1065 2990 igitur
1087 2902 1201 2970 oaedes
1224 2901 1300 2970 Per·

288 3017 398 3064 aarum
420 2995 494 3063 luit.
528 2995 564 3062 in
586 2993 729 3062 exerostu
747 2993 924 3062 Alexandri
947 3009 1019 3062 cxx
1042 2991 1166 3096 equites
1189 2995 1224 3059 et
1243 3012 1300 3058 uo·

253 3093 363 3152 tuem
380 3086 508 3152 tantum
526 3082 652 3172 pedites
669 3081 808 3150 deluere.
841 3079 964 3150 *deindo
977 3079 1121 3149 Gordren
1135 3079 1300 3168 Phrygiae
1313 3106 1337 3148 r·
1349 3097 1388 3142 m

288 3173 464 3259 eisitatsnr,
485 3193 570 3261 quas
591 3193 676 3240 nuno
690 3169 801 3240 Sardis
818 3170 992 3257 uocitatur,
1013 3170 1182 3238 obsessam
1200 3189 1302 3257 oppu-

155 3299 157 3304 ·
289 3265 487 3366 susumque
515 3259 603 3347 oepit
631 3281 671 3328 ao
698 3259 874 3362 direptioni
902 3258 1001 3326 dedit
1045 3256 1120 3325 inde
1149 3257 1300 3324 nuntiato
1314 3271 1342 3316 υ

289 3349 354 3418 sibi
366 3347 459 3436 Dani
476 3371 551 3418 euru
568 3350 696 3437 magnis
709 3347 815 3432 eopris
829 3345 980 3432 aduam
996 3347 1118 3413 timens
1131 3344 1302 3432 angustias

290 3437 407 3526 qubus
424 3437 532 3506 inerat
547 3437 702 3525 looorunr,
719 3434 861 3504 'l'aurunr
879 3440 1025 3504 nrontern
1038 3433 1122 3502 mira
1134 3431 1302 3501 eeleritate

1241 3659 1392 3724 ‘A
