2806 3788
347 151 543 206 ADVERSVH
561 149 726 204 eremos
743 151 786 204 m
804 153 919 204 ao-ar.
1094 147 1138 214 89

129 295 168 362 ‹lo
187 293 373 362 Alexandro
395 292 578 378 uidebatur,
599 293 745 380 talesque
767 298 801 360 et
818 292 959 361 Romani
981 291 1055 359 aliis
1076 293 1137 360 uisi

40 411 63 452 r·
77 398 116 442 ¹⁰⁵
131 381 228 469 bunt,
255 383 331 450 dum
354 382 450 451 bellis
471 382 605 471 ignotos
627 381 818 469 quietosque
840 381 1036 468 petiueront
1081 381 1138 448 sed

128 472 177 540 illi
205 471 374 558 adquirere
401 490 516 557 regna,
544 470 601 537 isti
628 474 774 537 euertere
801 469 942 537 student
988 474 1139 554 separate

128 563 206 627 sunt
235 558 340 626 bostis
371 558 496 625 excidia
525 563 559 624 et
584 557 706 625 iudicia
732 557 875 625 uictoris.
920 557 1080 644 siquidem
1106 563 1140 624 et
1158 568 1193 620 ra

103 648 179 716 silli
201 647 290 734 prius
313 665 370 714 eos
391 645 486 714 bellis
508 644 711 732 adflixerunt,
733 667 814 748 quoe
837 649 953 732 postes
974 645 1043 713 suis
1061 645 1140 735 legi·

129 737 190 803 bus
212 733 420 802 ordinarant:
442 739 476 800 et
496 733 532 800 hi
554 755 641 801 nuno
662 733 827 800 hostiliter
843 735 979 800 turbent
995 755 1078 836 quae
1096 769 1140 783 -

129 823 164 890 in
187 843 251 909 quo
274 843 341 888 non
363 822 549 908 permiserit
565 819 654 887 Deus
673 821 763 888 -si
785 821 929 888 edomita
948 821 1141 904 obtinerent,

128 911 196 978 ritu
218 931 277 978 suo
300 931 483 996 oonponere
504 909 704 994 molirentur,
727 908 853 977 (lieendi
869 909 1011 995 posterie
1028 910 1141 997 magni

129 1019 237 1086 reges,
265 999 321 1086 qui
342 1020 429 1066 nune
451 998 547 1066 nobis
569 997 751 1066 saeuissimi
772 997 885 1066 hostes
908 996 1141 1066 adiudicantur.

90 1107 116 1149 ro
130 1088 276 1176 quolibet
298 1087 378 1156 haee
401 1093 495 1175 gesta
516 1087 598 1155 talia
618 1087 750 1155 nomine
772 1091 978 1175 moueantur,
1004 1087 1068 1156 hoo
1090 1093 1141 1155 est
1160 1098 1194 1150 ¹⁸

130 1179 200 1244 siue
229 1176 378 1244 dieantur
407 1177 557 1244 miseriae
586 1176 655 1243 siue
682 1177 834 1262 uirtutes,
863 1180 1001 1264 utraque
1028 1175 1142 1262 priori·

129 1265 191 1331 bus
223 1269 401 1350 eonperata
430 1263 465 1332 in
497 1263 559 1332 hoo
590 1268 739 1350 tempore
767 1265 897 1332 minora
923 1268 1015 1350 sunt,
1045 1268 1143 1350 atque
1211 1279 1213 1284 '

129 1353 179 1420 ite
210 1358 345 1438 utraque
378 1375 437 1440 pro
469 1352 565 1420 nobis
596 1351 723 1420 iaciunt
750 1352 785 1420 in
812 1351 1042 1439 conparatione
1069 1353 1143 1420 Ale·

128 1441 243 1510 xandri
271 1446 368 1530 atque
395 1441 581 1511 Persarum:
609 1440 638 1508 ei
664 1442 770 1510 uirtus
796 1463 884 1510 nune
910 1439 1057 1510 noemia
1084 1448 1144 1530 eet,

89 1551 116 1594 ιι
129 1533 236 1601 minor
271 1536 323 1602 est
356 1531 516 1619 hostium3
551 1533 580 1602 si
617 1531 762 1620 miseria,
797 1532 905 1603 minor
940 1536 991 1602 eet
1024 1531 1143 1603 Roma·

129 1645 255 1688 norum.

40 1734 63 1775 s
77 1725 117 1768 rso
199 1706 303 1774 'Anno
322 1707 364 1774 ab
382 1707 463 1775 urbe
480 1707 612 1775 condita
630 1725 740 1776 coccn
757 1707 860 1774 Fabio
878 1707 1022 1775 Maximo
1040 1707 1142 1775 une
1159 1713 1196 1770 tl

130 1795 181 1862 elo
200 1793 292 1862 More
310 1796 364 1862 nii
386 1794 576 1862 oonsulibus
594 1799 749 1883 quattuor
765 1795 937 1863 tortissimi
955 1794 1144 1863 florentissi-

130 1885 237 1970 mique
249 1882 363 1951 ltaliae
376 1884 490 1970 populi
503 1885 538 1952 in
551 1907 651 1952 unum
666 1905 783 1971 agmen
797 1884 974 1971 foedusque
987 1884 1144 1952 coierunt

90 1991 118 2034 ro
131 1993 273 2058 namque
293 1971 425 2040 Etrusci
442 1970 560 2040 Vmbri
579 1971 741 2042 Samnites
764 1977 798 2039 et
815 1971 903 2040 Gelli
925 1994 989 2040 uno
1013 1973 1143 2061 agmine

132 2059 355 2148 oouepirantes
378 2059 548 2130 Romanos
569 2061 678 2132 delere
700 2061 812 2131 eonati
835 2066 921 2132 sunt.
961 2062 1179 2131 tremefactis

131 2151 194 2220 hoe
228 2150 315 2219 bello
347 2150 570 2220 Romanorum
601 2151 700 2220 animi
734 2159 768 2220 et
798 2153 997 2220 labefaotata
1028 2153 1146 2221 fiducia

133 2245 197 2324 est,
228 2260 287 2309 noo
320 2240 391 2307 ausi
424 2244 501 2308 sunt
531 2244 638 2309 totum
670 2262 802 2327 sperma
832 2241 872 2308 de
899 2241 1037 2309 uiribus:
1069 2242 1145 2312 dolo

134 2329 272 2396 diuisere
295 2329 417 2415 hostes,
439 2329 542 2396 tutius
564 2330 629 2396 rati
649 2329 798 2416 pluribus
821 2351 856 2397 se
877 2329 973 2398 bellis
990 2329 1145 2418 inplicare

92 2437 119 2481 re
133 2440 232 2506 qnam
259 2419 423 2506 grauibus.
467 2419 578 2506 itaque
605 2440 692 2504 eum,
719 2418 911 2506 quibusdam
935 2417 1002 2486 suis
1025 2419 1066 2487 ed
1088 2433 1181 2508 pot

132 2506 292 2596 pulundoe
311 2507 449 2576 hostiles
468 2528 566 2596 agros
579 2507 614 2575 in
627 2506 797 2576 Vmbriam
810 2507 1041 2597 Etruriamque
1053 2531 1145 2598 prse-

131 2596 249 2684 missis‚
271 2595 471 2666 Vmbrorum
484 2598 762 2686 Etruseorumque
785 2598 962 2666 exereitum
979 2599 1085 2668 redire
1103 2599 1144 2667 od

131 2686 301 2755 tuitionem
322 2709 455 2756 suorum
473 2687 667 2775 coegissent,
688 2709 761 2755 oum
776 2685 977 2756 Samnitibus
994 2693 1029 2756 et
1040 2687 1145 2757 Gallis

37 2825 38 2828 ,
130 2777 253 2845 bellum
276 2777 359 2845 inire
380 2781 606 2865 properarunt
637 2777 672 2846 in
695 2799 760 2866 quo
782 2778 869 2846 bello
887 2799 961 2847 oum
974 2777 1180 2847 Gallorumo

37 2929 38 2936 ,
91 2886 119 2927 eo
132 2867 255 2952 impetu
272 2864 412 2934 Romani
430 2876 651 2954 premerentur
669 2865 789 2935 Decius
808 2868 921 2935 consul
941 2869 1066 2936 oeoisus
1084 2874 1144 2937 est

37 2951 61 3028 ζ.
131 2953 250 3022 Fabius
276 2958 387 3023 tamen
413 2961 491 3042 post
510 2978 665 3045 magnam
687 2954 851 3023 Decianae
873 2957 978 3043 partis
1001 2960 1143 3044 stragem

37 3047 39 3118 ξ
131 3042 263 3111 tandem
285 3043 374 3112 uicit
406 3065 445 3112 eo
462 3046 586 3131 proelio
604 3044 821 3132 quadraginta
838 3045 931 3112 milia
946 3041 1142 3114 Samnitium
1161 3058 1180 3110 o

37 3131 39 3192 l
130 3133 201 3199 siue
223 3130 393 3200 Gallorum
420 3154 527 3218 caesa,
554 3133 776 3202 Romanorum
804 3155 881 3202 uero
905 3139 1031 3220 septem
1053 3135 1144 3203 milia

37 3223 39 3304 l
70 3247 74 3256 ·
131 3221 170 3287 ei
192 3216 285 3287 Deoii
311 3220 538 3291 tantummodo
565 3227 657 3309 parte
685 3223 741 3309 qui
764 3221 889 3289 occisus
912 3226 964 3291 est
985 3221 1144 3291 exstineto

37 3319 64 3376 's
76 3325 117 3368 m
130 3307 322 3378 referuntur.
366 3309 466 3378 luisse
487 3315 597 3380 autem
620 3311 743 3400 absque
767 3307 923 3380 lEtruseie
945 3315 980 3379 et
1000 3309 1144 3399 Vmbris,
1161 3326 1179 3378 e

89 3412 117 3455 κ
130 3417 211 3555 goos
246 3402 321 3466 estu
352 3397 493 3467 ltomani
524 3400 610 3468 bello
641 3403 874 3484 auoeauemnt,
909 3399 1078 3468 Gallorum
1109 3405 1145 3468 et

154 3485 324 3555 omnitium
345 3487 491 3576 perlitum
515 3506 585 3558 exn
607 3489 699 3559 milia
721 3504 876 3579 cccxxx,
897 3489 1043 3580 equitum
1066 3511 1144 3560 uero

37 3691 44 3767 ι
148 3725 150 3728 ,
