2744 3800
76 229 79 270 1
219 219 221 224 ,
249 183 316 252 246
492 187 601 240 PAVLI
619 185 743 241 onosn‘
757 185 1005 240 merolilanus

246 329 385 398 uestitus
407 327 563 398 dedecore
585 351 717 416 cerycas
739 327 927 396 citharistas
949 327 1123 417 tragoedos
1146 330 1181 395 et
1202 351 1257 396 au·

246 418 338 508 sigas
360 441 458 506 saepe
476 417 540 486 sibi
558 439 728 506 superasse
745 417 837 486 uisus
855 422 914 487 est
950 416 1141 485 libidinibus
1159 438 1257 505 porro

245 508 346 576 tantis
368 508 553 596 mamintus
573 512 634 592 sat,
655 511 694 574 ut
709 528 751 574 ne
769 529 790 574 a
807 511 911 574 matre
928 505 1058 595 quidem
1076 507 1129 574 uel
1146 527 1258 574 sorore

248 596 357 664 allans
374 595 667 684 consanguinitatis
685 596 867 664 reuerentia
879 595 1077 663 abstinuisse
1090 593 1257 683 referatur,

246 685 353 752 uirum
370 685 406 752 in
422 707 555 753 uxonm
573 685 711 772 duxerit,
734 685 803 772 ipse
821 706 843 751 a
859 685 932 752 uiro
949 688 988 751 ut
1004 705 1087 752 uxor
1105 689 1284 771 acceptans

70 740 74 802 ἶ
203 783 224 836 ⁸
245 774 297 842 sit
329 774 474 842 luxuriae
487 795 566 841 uero
579 779 649 841 hm
667 773 841 841 effrenatae
859 774 930 860 fuit,
952 777 990 840 ut
1006 772 1131 840 retibus
1149 773 1257 840 aureis

244 863 436 967 piscaretur,
458 884 541 966 quqe
563 863 733 1018 purpureis
755 861 888 967 funibus
911 861 1177 967 extrqhebantur,
1199 861 1256 928 fri·

244 949 331 1039 grdrs
359 955 394 1018 et
422 951 535 1019 calrdm
579 954 691 1018 enaret
718 955 903 1038 unguentis.
947 973 1004 1038 qur
1034 955 1134 1018 atram
1162 972 1255 1017 num·

269 1061 344 1107 uam
377 1039 486 1107 minus
515 1039 604 1107 mille
633 1039 775 1108 curucis
807 1039 984 1107 confecisse
1013 1040 1077 1106 iter
1104 1037 1254 1105 traditur.

67 1173 71 1188 .
206 1139 226 1188 ⁴
268 1129 385 1217 cuique
397 1128 487 1195 urbis
501 1127 625 1196 Romae
642 1129 826 1196 incendium
844 1127 1024 1214 uoluptatis
1038 1149 1116 1195 auae
1130 1132 1254 1214 specta·
1269 1146 1296 1190 ιο

244 1217 353 1284 edum
382 1215 475 1302 fecit3
505 1239 565 1304 per
593 1238 650 1284 sex
679 1217 748 1285 dies
778 1223 964 1305 septemque
993 1222 1106 1284 noctes
1137 1215 1254 1283 ardens

69 1290 72 1302 ’
202 1303 360 1370 ιοίιιίω
386 1305 495 1390 regios
521 1304 615 1391 pauit
641 1309 806 1392 aspectus3
833 1305 951 1373 borres
978 1305 1102 1393 quadro
1130 1310 1255 1372 stmcta

242 1390 351 1478 lapide
373 1411 574 1479 magnaeque
596 1393 672 1460 illae
695 1397 842 1460 ueterum
864 1391 1006 1477 insulae,
1028 1415 1111 1480 quaa
1134 1392 1255 1459 discur-

239 1500 314 1544 rens
332 1478 421 1546 cdira
439 1481 572 1547 flamma
588 1502 655 1548 non
673 1485 813 1568 poterat,
829 1481 960 1568 magnis
978 1480 1139 1547 machinis
1153 1501 1254 1566 quon·

240 1564 315 1631 clam
344 1565 386 1632 ad
412 1569 545 1633 externa
570 1566 657 1634 bella
683 1569 884 1653 praeparatis
912 1567 1126 1635 labefactatae
1155 1572 1254 1654 atque
1267 1585 1294 1628 n

241 1651 460 1719 inflammatae
484 1657 569 1738 sunt,
591 1655 632 1721 ad
651 1659 933 1722 monumentorum
952 1653 1184 1741 bustorumque
1202 1655 1254 1720 de·

69 1735 72 1744 “
208 1740 390 1807 anemoria
415 1725 538 1807 infelici
564 1741 660 1829 plebe
687 1743 851 1826 conpulsa.
896 1741 982 1828 quod
1010 1742 1080 1828 ipae
1103 1763 1144 1808 ex
1165 1741 1253 1808 altis·

243 1826 327 1894 sima
355 1827 413 1894 illa
442 1827 690 1896 Maecenatiana
719 1834 808 1896 turre
839 1833 1052 1914 prospectans
1084 1829 1253 1915 laetusque

241 1914 392 1982 flammae
418 1919 457 1982 ut
483 1916 592 1983 aiebat
619 1916 860 2003 pulchritudine
889 1915 1016 2002 tragico
1038 1915 1155 1984 habitu
1176 1915 1252 1983 llia·

68 2001 71 2099 J
205 2001 316 2070 'ldam
338 2001 542 2072 decantabat.
577 2005 735 2072 auaritiae
757 2009 866 2072 autem
888 2010 957 2071 tam
980 2009 1175 2090 praeruptae
1198 2025 1252 2070 er·
1267 2021 1294 2064 ao

239 2093 335 2180 stitit,
357 2096 395 2160 nt
415 2093 570 2180 posthoc
588 2093 772 2162 incendium
790 2093 891 2178 urbis,
913 2115 1012 2182 quam
1030 2115 1066 2161 se
1083 2093 1252 2182 Augustus

238 2202 279 2248 cx
307 2181 455 2249 latericia
481 2205 697 2251 marmoream
724 2182 901 2250 reddidisse
928 2183 1123 2268 iactauerat,
1149 2182 1251 2249 nemi·

238 2291 314 2337 nem
337 2269 378 2338 ad
396 2271 548 2358 reliquias
566 2292 675 2339 rerum
695 2293 826 2339 suarum
845 2270 936 2338 adire
953 2271 1152 2358 permiserit3
1175 2293 1251 2339 cun-

237 2366 305 2444 cta,
333 2381 417 2447 quae
445 2359 595 2428 flammas
624 2381 756 2449 quoquo
786 2361 883 2428 modo
912 2359 1153 2447 superfuerant,
1181 2361 1251 2447 ipse

65 2516 68 2531 ,
202 2446 388 2534 substulit3
421 2445 551 2517 cenlties
578 2455 715 2518 centena
741 2449 833 2517 milia
860 2449 1045 2517 sestertium
1075 2472 1183 2517 annua
1210 2449 1251 2516 ad
1268 2467 1321 2517 aar

65 2922 71 3007 l

237 2559 399 2624 expensas
425 2559 446 2604 a
472 2544 589 2606 senatu
616 2538 757 2607 conferri
784 2538 847 2606 sibi
875 2537 1060 2627 imperauit3
1093 2539 1250 2625 plurimos
1264 2555 1291 2600 aa

239 2629 425 2694 senatorum
448 2627 540 2694 nulla
562 2631 708 2694 exstmts
730 2649 830 2695 causa
851 2628 948 2696 bonis
970 2627 1128 2713 priuauit3
1151 2649 1251 2716 nego-

239 2713 397 2780 tiatorum
419 2715 564 2782 omnium
586 2715 648 2783 sub
670 2737 736 2782 una
757 2715 822 2800 die,
848 2715 1021 2783 tormentis
1044 2738 1172 2804 quoque
1195 2715 1251 2782 ad·

202 2799 365 2885 abibitis,
385 2822 514 2868 omnem
537 2802 667 2889 penitus
690 2825 821 2871 censum
844 2804 1008 2871 abstersit
1049 2803 1250 2871 crudelitatis

237 2895 347 2957 autern
375 2889 467 2958 rabis
495 2891 544 2957 ita
572 2891 724 2959 efferatus
754 2899 819 2978 est,
847 2898 885 2960 ut
913 2891 1086 2980 plurimam
1117 2897 1291 2959 senatusue

236 2983 364 3064 partam
392 2979 607 3066 interfecerit,
637 2985 818 3067 equestrem
847 2981 993 3048 ordinem
1021 3001 1126 3068 paene
1155 2981 1251 3048 desti·

236 3065 347 3132 tuerit
391 3065 447 3134 sed
474 3087 516 3134 ne
542 3067 726 3154 parricidiis
754 3069 884 3156 quidem
911 3066 1083 3150 abstinuit,
1111 3073 1251 3136 matrem

238 3151 371 3220 fratrem
399 3175 543 3222 aereum
569 3177 704 3224 uxomm
731 3161 919 3243 ceterosque
948 3177 1061 3224 omncs
1091 3161 1249 3245 cognatos

189 3249 224 3302 ro
239 3244 274 3307 et
316 3239 493 3329 ropinquos
511 3241 580 3309 sina
598 3242 814 3312 baedtatione
832 3245 1019 3333 prostrauit
1056 3244 1147 3312 auxit
1164 3243 1251 3311 hanc

236 3348 291 3394 rno
381 3328 564 3396 facinorum
591 3331 661 3397 eius
687 3332 854 3398 mneritas
876 3331 1053 3417 impietatis
1077 3333 1112 3398 in
1134 3330 1250 3400 Deum.
1263 3350 1290 3392 υ
1320 3399 1321 3418 1

236 3435 313 3482 nam
330 3415 456 3501 primns
475 3415 598 3484 Romae
618 3415 832 3486 ¹0bristianoa
850 3418 1018 3506 suppliciis
1037 3422 1071 3485 et
1087 3419 1249 3486 mortibus
1267 3432 1321 3488 all

238 3503 346 3574 affecit
369 3517 410 3574 'ao
435 3525 495 3594 per
517 3526 630 3576 omues
652 3505 836 3594 prouincias
859 3505 931 3595 pari
951 3506 1176 3594 persecutione
1198 3528 1250 3574 ex·
