2744 3800
314 61 512 115 novemur
528 61 693 114 nnonuos
711 62 750 113 vr
766 64 811 116 er.
830 65 874 118 ue.
1027 59 1091 126 231

82 209 187 278 omnis
209 207 305 295 uigor
327 205 469 273 Romani
482 205 619 292 'imperii
642 205 818 274 uertendus
845 212 946 293 esset,
973 205 1093 293 qnippe

83 319 162 388 quoe
181 296 321 384 pristine
339 295 540 400 ulciscendus
558 293 753 364 Cressiunue
771 295 877 400 coedis
897 295 1094 363 conscientie

82 387 265 559 trote?
281 385 528 542 eteius
554 382 1094 562 tttt‘tttgttddttt:

56 567 143 633 ebus
170 563 301 630 truditis
327 561 459 628 firmum
481 561 596 630 foedus
619 562 706 628 fideli
730 562 968 648 supplicatione
990 585 1094 630 meru·

10 761 66 803 Ate
83 657 272 827 ermddtuqne
298 760 385 806 enno
415 739 457 805 eb
485 738 564 806 urbe
587 737 720 806 conditu
741 754 861 805 nconn
884 735 1005 806 Oeesur
1027 735 1092 804 Au·
1109 741 1150 800 88
1287 755 1299 784 ··=

83 834 198 919 gustus
227 829 270 896 eb
297 826 423 896 oriente
452 828 487 894 in
516 827 730 913 occidentem,
760 849 780 894 e
808 827 1031 914 septentrione
1060 825 1095 893 in

83 918 247 987 meridiem
274 939 313 986 oo
340 939 398 1004 per
419 920 526 984 totum
548 915 670 985 Oceani
693 916 849 984 circulum
873 917 996 984 cunctis
1019 936 1094 1004 geu-

45 1010 170 1078 retibus
193 1030 258 1076 unu
280 1029 359 1096 poce
382 1007 571 1095 conpositis,
592 1006 665 1075 Ieni
684 1011 794 1096 portes
813 1007 911 1075 tertio
929 1006 1000 1094 ipse
1017 1011 1095 1075 tunc

83 1100 205 1168 clausit
242 1120 323 1186 quus
347 1118 385 1165 cx
409 1119 448 1167 eo
472 1121 529 1186 per
552 1098 719 1165 duodecim
742 1097 809 1166 iere
832 1120 936 1166 unuos
960 1098 1130 1186 quistis-s

83 1189 164 1258 simo
178 1210 307 1277 semper
321 1187 494 1276 obseratos
513 1188 582 1256 otio
601 1188 673 1276 ipse
690 1188 789 1255 etium
808 1187 924 1277 robigo
943 1187 1096 1277 signauit,

83 1301 142 1347 neo
164 1281 254 1366 prius
274 1297 426 1366 umquem
445 1279 509 1346 nisi
527 1278 588 1346 sub
607 1284 752 1346 extreme
769 1283 937 1346 senectute
951 1276 1095 1366 Augusti

83 1369 229 1454 lnulsotee
252 1367 500 1434 Atheniensium
527 1367 685 1434 seditione
708 1373 742 1433 et
763 1365 925 1435 Decorum
952 1389 1094 1434 commo·

45 1477 69 1516 rs
83 1457 171 1524 tione
197 1460 382 1542 putuerunt
427 1455 545 1522 eleusis
573 1455 675 1542 igitur
696 1454 769 1522 Iuni
792 1456 896 1540 portis
920 1453 1129 1540 rempublio

83 1567 163 1630 cem,
186 1566 283 1631 quem
306 1543 391 1610 bello
413 1543 628 1630 quoesiuemt,
650 1565 728 1629 peoe
751 1543 894 1610 enutrire
911 1546 1009 1630 etque
1027 1563 1095 1608 em·

82 1632 224 1718 plificere
256 1631 391 1698 studens
429 1633 517 1717 leges
554 1631 710 1715 plurimus
748 1632 880 1713 statuit,
916 1651 975 1716 per
1013 1652 1094 1717 quus

82 1721 259 1786 humanum
287 1739 390 1806 genus
417 1718 521 1784 libere
546 1718 731 1784 reuerentia
757 1717 947 1804 disciplinse
971 1739 1095 1785 morem

11 1829 15 1842 ·
83 1813 216 1894 gereret
267 1807 390 1874 domini
421 1807 675 1892 sppellutionem
708 1811 744 1872 ut
774 1806 873 1873 homo
908 1806 1132 1872 deelineuite

43 1914 70 1955 n
83 1917 159 1962 num
185 1918 259 1962 oum
286 1895 398 1963 eodem
426 1900 594 1981 spectente
621 1894 716 1962 ludos
738 1894 985 1979 pronuntiatum
1008 1897 1095 1960 esset

83 1983 117 2048 in
144 1985 243 2049 mimo
267 1981 295 2049 0
323 1982 516 2049 dominum
544 2003 706 2069 aequum
734 1985 771 2048 et
799 1983 939 2048 bonum
967 1981 1124 2049 uniusn'

84 2070 188 2154 sique,
214 2071 307 2154 quusi
334 2069 375 2135 dc
400 2071 473 2154 ipso
502 2069 623 2135 dictum
646 2074 745 2153 esset,
772 2070 956 2136 exultuntes
979 2068 1095 2155 udpro·
1201 2137 1206 2148 ,

83 2156 259 2240 benissent,
284 2160 318 2222 et
339 2157 452 2222 stetim
475 2157 604 2242 quidem
627 2177 724 2221 menn
748 2157 904 2241 uultuque
926 2154 1095 2222 indecorus

83 2241 285 2309 odulutiones
306 2243 461 2327 repressit
479 2247 512 2309 et
530 2243 713 2330 insequenti
736 2242 788 2308 die
810 2243 1005 2330 pronissime
1028 2263 1095 2308 cor·

44 2349 70 2390 ss
84 2331 183 2416 ripuit
209 2331 313 2399 edicto
342 2331 570 2419 dominumque
598 2353 633 2398 se
660 2330 800 2417 posthoc
826 2331 984 2418 appellari
1010 2351 1095 2398 neu

84 2419 193 2485 liberis
221 2419 350 2504 quidem
378 2424 436 2486 out
461 2419 635 2506 nepotibus
663 2419 731 2486 suis
758 2420 811 2485 nol
838 2420 923 2486 serio
948 2419 1000 2486 nel
1022 2419 1093 2486 ioco

83 2528 199 2592 possus
222 2513 280 2575 est.

148 2595 254 2683 Igitur
276 2616 314 2663 eo
332 2600 486 2683 tempore,
508 2595 541 2663 id
559 2600 611 2663 est
628 2618 666 2663 eo
686 2617 772 2663 enno
791 2617 855 2683 quo
873 2595 1094 2664 firmissimum
1112 2604 1132 2657 o

83 2684 349 2772 notissimumque
376 2707 489 2770 pacem
517 2685 724 2754 ordinatione
746 2684 807 2751 Dei
830 2683 950 2752 Cossu
977 2705 1095 2771 conpo-

44 2772 277 2947 ”tdst‘t
294 2771 896 2931 {ttutttdetttdtddtt}
909 2772 1096 2930 {ittet

10 2917 191 3038 *evangeli
221 2949 414 3018 loeoinerunt
442 2951 576 3019 Gloria
604 2950 643 3018 in
673 2950 838 3018 excelsis
867 2949 962 3037 Deo,
991 2955 1029 3018 et
1056 2951 1097 3018 in

83 3041 187 3106 terro
208 3061 281 3128 pnx
304 3039 529 3110 hominibus
552 3039 675 3108 bonne
698 3039 928 3107 uoluntatis.
969 3037 1096 3107 eodem·

83 3149 145 3216 que
162 3131 308 3218 tempore
326 3130 388 3219 hio,
410 3130 452 3199 ud
471 3152 566 3219 quem
584 3151 692 3198 rerum
710 3128 856 3198 omnium
873 3149 1001 3197 summo
1018 3149 1095 3198 con·

44 3235 69 3280 ³³
82 3225 238 3310 cesserat,
264 3219 431 3291 domiuum
454 3243 489 3291 se
511 3219 680 3290 hominum
704 3219 862 3309 uppelluri
883 3242 950 3290 non
978 3241 1095 3309 pessus

83 3315 142 3395 cst,
159 3311 258 3378 immo
272 3334 338 3380 non
353 3335 461 3396 susus,
478 3336 543 3401 quo
561 3334 658 3382 uerus
676 3311 826 3381 dominus
843 3311 946 3380 totius
965 3311 1094 3399 generis

82 3395 216 3460 humani
238 3399 324 3462 inter
345 3399 495 3465 homines
516 3404 613 3465 nutus
632 3405 691 3466 est
727 3399 839 3466 eodem
857 3419 985 3485 qnoque
1003 3413 1128 3467 enuoo
