2746 3872
357 89 553 144 eovuuevu
570 89 736 144 eaoauoe
754 89 783 144 11
800 93 880 146 a-e.
1079 85 1122 154 41

113 239 231 322 urguet
252 255 287 300 ee
310 235 408 319 atque
430 232 570 298 inminet
590 231 653 297 eibi
672 237 765 298 extra
781 230 857 298 illae
875 235 1006 318 apertae
1024 231 1160 299 bello-o

112 345 186 392 rum
227 321 334 390 clades
373 341 523 389 eueoeeau
559 321 678 388 miaero
715 319 917 388 claudestina
951 320 1124 406 pernicies:

113 413 232 500 quippe
255 410 292 479 Τ.
316 408 458 478 Geeonio
486 413 520 477 et
541 408 575 476 P.
599 409 742 476 Minucio
770 409 958 476 oonsulibus
986 409 1051 478 duo
1072 410 1127 476 uei

113 501 256 571 maxima
287 497 433 568 omnium
464 499 626 566 maloram
656 497 932 583 abominamenta,
962 498 1065 566 iamee
1092 500 1127 564 et

87 590 303 680 epeetilentia
341 589 461 656 ieaeam
493 587 608 656 urbem
644 587 836 675 corripuere.
881 591 1043 656 eesaatum
1076 590 1127 655 eet

112 679 277 769 paulisper
303 699 323 745 a
349 677 483 765 proelio,
504 682 673 745 *oeeeatum
700 682 811 745 tamen
834 699 855 744 a
875 677 1036 746 mortibus
1058 697 1126 744 non

114 773 171 837 eat
207 767 362 836 Veientes
379 765 511 834 Ebueoi
529 788 646 854 grauee
663 765 777 834 bootae
796 764 955 833 adiunotie
973 765 1036 833 eibi
1054 764 1124 833 dni·
1144 779 1160 831 τ

112 859 268 926 timorum
290 855 393 943 oepiie
417 855 452 922 in
474 855 561 923 bella
583 860 756 945 eurgentee
779 854 886 922 obuiie
904 853 949 922 M.
966 853 1070 922 Fabio
1093 857 1127 921 et

114 945 172 1017 On.
184 945 309 1015 Manlio
328 944 516 1014 oonsulibus
534 946 753 1032 excipiuntur:
777 943 834 1012 ubi
851 948 929 1032 poet
946 965 1126 1013 eaeremon-

72 1043 182 1108 :otum
209 1035 396 1125 inrui-ionia,
445 1057 489 1106 uo
517 1057 553 1106 ee
578 1035 718 1106 Romani
744 1033 944 1105 deuouerant
970 1056 1034 1105 nou
1062 1033 1127 1104 aiei

112 1135 189 1216 poet
214 1128 387 1197 uiatoriam
474 1133 583 1195 eastra
604 1127 779 1212 redituros,
806 1127 887 1195 adeo
910 1131 1004 1194 atrox
1025 1130 1127 1193 eerta·

111 1240 186 1286 men
208 1217 272 1285 fuit
294 1222 328 1284 et
344 1215 442 1284 uietia
461 1217 703 1304 uictoribuaque
721 1237 782 1303 par
799 1215 914 1302 forma,
936 1219 983 1300 ut,
1004 1215 1125 1282 amineo

111 1307 253 1396 plurimo
280 1306 422 1375 exercitu
449 1305 563 1374 oocieie
586 1328 627 1374 ue
653 1305 689 1374 in
716 1326 828 1394 pugna
848 1303 971 1373 Manlio
993 1303 1126 1373 oonaule

37 1427 59 1466 a·
72 1415 99 1458 ee
112 1402 145 1464 et
167 1395 269 1465 Fabio
291 1395 470 1481 eoneulari,
491 1395 535 1464 M.
557 1329 680 1463 §abiua
703 1395 817 1463 eoneul
842 1392 998 1462 iobletum
1020 1394 1084 1462 eibi
1106 1416 1127 1461 a

75 1503 101 1544 ιι
115 1490 229 1552 senatu
251 1484 454 1570 triumphum
478 1485 641 1572 euaoipere
661 1485 828 1566 reeusarit,
850 1485 928 1570 quia
944 1483 1047 1550 tantia
1065 1483 1126 1550 rei·
1266 1501 1270 1510 ·

112 1572 261 1658 publieae
284 1571 489 1640 detrimentis
511 1572 618 1638 luctus
641 1572 749 1657 potius
772 1571 961 1638 debebatur.
1023 1569 1156 1636 lotio-e

112 1659 243 1727 eieeima
260 1660 319 1727 illa
335 1680 470 1727 numero
485 1665 518 1726 et
534 1658 661 1726 uiribue
674 1656 852 1726 Fabiorum
869 1656 997 1724 familia
1042 1655 1126 1724 eien·

110 1752 224 1816 tanum
244 1749 362 1816 sortita
380 1753 545 1816 certamen
562 1752 717 1836 quantam
735 1746 932 1835 reipublicae
951 1745 1126 1814 orbitatem

112 1859 229 1906 ooeaeu
257 1860 316 1906 suo
343 1837 505 1924 intulerit,
532 1837 710 1905 infamibus
733 1858 837 1924 usque
858 1837 900 1903 ad
921 1855 1010 1903 nune
1031 1857 1127 1904 uooa·

71 1943 98 1985 ω
111 1926 197 1994 bulie
229 1930 331 1993 teetee
357 1933 436 1993 eant
461 1926 581 1994 fluuius
608 1927 664 2014 qui
691 1925 834 2012 perdidit
860 1930 894 1992 et
922 1929 1017 2011 porta
1042 1946 1126 2012 quae

111 2013 210 2080 mieit
244 2035 323 2080 nem
346 2035 420 2081 oum
443 2036 498 2080 aex
519 2017 553 2081 et
570 2015 707 2080 tteoenti
725 2011 830 2098 Fabii,
850 2033 927 2079 aere
944 2013 1161 2081 elariaaimat

110 2099 252 2168 Romani
276 2105 381 2168 statue
404 2101 537 2186 lumina,
562 2101 701 2187 apeeiale
725 2101 788 2168 eibi
812 2099 984 2167 aduersum
1007 2099 1126 2168 Veien-

110 2194 161 2255 tea
189 2187 325 2293 decerni·
346 2189 468 2294 belium
493 2189 744 2294 expetiuieeent,
771 2208 861 2275 apem
889 2193 1010 2255 temere
1038 2209 1125 2255 eum-

72 2281 188 2436 „uz
214 2276 571 2436 eudemum
589 2274 1140 2454 ‘memmium

112 2478 225 2524 omnee
247 2457 370 2525 ibidem
388 2457 540 2525 trucidati
559 2462 646 2543 eunt,
666 2479 732 2524 uno
750 2461 879 2524 tantm
898 2455 940 2523 ad
958 2455 1126 2524 enuntien-

111 2545 187 2612 dam
209 2547 335 2615 eladem
357 2551 535 2633 reem-uate,
557 2550 595 2613 ut
616 2546 765 2613 miserius
787 2545 914 2612 audiret
929 2543 1037 2632 patuia
1053 2565 1126 2632 per·

111 2634 206 2722 ditos,
229 2657 326 2724 quam
349 2634 552 2723 perdidieaet
596 2634 638 2702 ad
659 2635 741 2702 baeo
762 2655 829 2702 non
851 2631 975 2703 Romae
997 2637 1126 2701 tantm
1145 2649 1179 2700 10

110 2725 191 2792 tolia
240 2725 428 2811 erebantur,
456 2723 513 2792 eed
540 2745 687 2812 quaeque
713 2723 882 2812 prouincia
905 2723 972 2791 auio
994 2723 1006 2790 i
1055 2723 1126 2792 'bue

71 2827 98 2869 ¹⁰
111 2745 284 2882 metuabat
307 2818 353 2898 et,
381 2814 466 2900 quod
489 2821 587 2900 poete
609 2815 803 2900 praecipuae
825 2813 861 2880 in
882 2833 949 2880 uua
970 2833 1010 2879 ur
1032 2833 1051 2878 e
1073 2811 1126 2879 de·

110 2902 250 2990 eoripeit,
271 2922 334 2990 ego
357 2902 397 2969 de
420 2906 491 2970 toto
514 2901 592 2970 orbe
615 2901 766 2968 dixerim:

230 3076 345 3146 Laetae,
363 3073 469 3147 abique
485 3091 576 3149 pauor
592 3077 625 3133 et
640 3003 880 3148 ppfflmoeggss:
896 3003 1003 3147 w

2 3177 98 3233 ῐωω
180 3169 295 3258 iIgitur
325 3168 437 3238 eodem
470 3173 616 3256 tempore
648 3165 769 3255 Cyrae,
799 3189 856 3236 rex
881 3163 1055 3236 Pomorum
1084 3173 1162 3232 -t

1 3245 4 3312 i
70 3271 98 3316 ⁸⁵
111 3280 206 3346 quem
230 3259 378 3345 euperioe
402 3258 611 3346 explioandee
634 3257 789 3326 historiae
812 3278 912 3326 eauea
932 3279 1127 3327 oemmemo·

1 3323 4 3432 i
112 3369 276 3434 ranorum,
306 3347 363 3434 qui
389 3353 467 3416 tuno
493 3347 607 3415 Asiam
630 3345 672 3415 Se
695 3347 800 3415 tbiam
826 3351 996 3436 totumque
1022 3346 1153 3438 oriens

1 3435 3 3488 i
112 3439 180 3503 tem
199 3437 300 3505 armis
317 3436 569 3524 perungebatur,
586 3458 660 3505 eam
672 3369 872 3524 darqomiue
890 3435 1055 3525 Superbus
1072 3457 1125 3504 ur-
