2826 3784
270 163 337 232 152
512 168 621 224 rsvm
639 167 762 224 onosu
779 168 1031 225 msromsuvrs

70 287 74 304 ¹
152 355 155 362 ·
267 314 431 398 onersret,
453 309 563 401 Scipio
585 311 759 390 Aisiosnus
785 335 945 382 consensu
967 313 1111 382 omnium
1133 313 1278 382 tribuum

45 470 67 503 .·
266 401 381 470 consul
398 405 525 470 orestus
544 406 642 492 etque
660 400 963 492 edemugosndsm
976 401 1277 472 Nomentismcum

43 506 49 572 ς
80 501 84 556 1
230 489 409 559 sermcitu
434 491 555 560 missus
581 496 640 560 est
691 489 871 561 Numestio
897 498 1007 561 cutem
1035 493 1194 561 citerioris
1221 493 1278 560 Hi·

45 592 49 603 “
80 572 84 604 ⁸
266 579 409 666 spsniss,
430 579 517 648 lusui
535 582 647 668 procui
665 604 686 648 s
702 579 858 650 Vsccseis
876 586 911 650 et
927 580 1101 651 Ocutsbris
1119 582 1155 649 in
1171 582 1277 670 cupite

230 667 451 736 sGsllsecise
475 669 554 756 sits,
582 669 698 737 ultime
723 668 970 739 Celtibelrorum
996 671 1067 738 fuit
1111 670 1193 739 hsec
1219 690 1365 756 peram

266 777 372 825 suucs
394 757 747 863 qusttuprdecimoum
774 760 853 827 solis
876 763 1030 846 quettuor
1050 759 1182 827 milibus
1205 780 1304 862 suc-s

265 866 342 1037 cc
362 845 542 999 ms
437 847 1276 1038 ‚‚omucitransgressores

229 1019 502 1196 ‘irritet
515 1019 1276 1197 htttttcttffttuttttttisz
1289 1085 1316 1176 ψ

263 1195 370 1262 sciens
397 1217 575 1284 numqusm
601 1196 664 1264 hoc
690 1217 793 1286 genus
819 1197 990 1266 hominum
1011 1199 1093 1266 sdco
1114 1199 1151 1264 iu
1173 1197 1275 1265 otium

262 1285 663 1442 ik'tifflcmim
689 1285 1275 1445 'fflmiriffliiiuiiifiiii

262 1461 461 1546 mqusmm
489 1396 748 1530 mmeffim
775 1463 811 1530 in
836 1465 952 1556 metr·
968 1397 1070 1531 icccc
1094 1463 1130 1529 sn
1153 1424 1273 1531 cinero

223 1548 415 1616 serercuit
458 1555 493 1616 et
517 1570 591 1616 com
618 1555 745 1635 purtem
773 1550 910 1618 seststis
937 1554 1107 1638 totumque
1133 1551 1273 1617 hiemem
1288 1574 1315 1618 ss

259 1658 304 1705 ne
325 1635 528 1724 sdtemptsts
549 1637 680 1724 quidem
701 1658 812 1727 pugne
832 1639 1055 1725 truusegisset,
1076 1639 1123 1706 sic
1145 1659 1274 1725 quoque
1343 1641 1346 1650 '

223 1740 378 1812 eperum
404 1726 639 1830 propemodum
665 1725 728 1794 heo
755 1727 893 1814 proiecit
918 1727 1090 1794 industrie
1133 1747 1274 1812 nemque

260 1812 318 1881 ubi
340 1834 436 1901 copss
457 1814 624 1902 pugusudi
647 1813 736 1881 fectu
753 1819 818 1900 est,
839 1816 999 1882 exercitus
1021 1813 1190 1881 Rommm
1217 1834 1273 1900 op·

259 1921 391 1988 pressus
421 1901 547 1988 impetu
577 1899 852 1969 Numantinorum
883 1908 978 1989 terge
1009 1901 1185 1987 conuertit3
1216 1900 1273 1968 sed

258 1988 481 2075 increpatione
508 1994 544 2057 et
565 1989 663 2056 minis
686 1991 878 2058 obieci-sutis
901 2011 973 2057 sese
996 1988 1138 2056 consulis
1161 2010 1273 2055 menu-
1286 2015 1314 2059 so

40 2091 65 2165 ÷'
259 2098 323 2165 que
347 2077 517 2144 mtiucutis
546 2076 679 2145 mntem
701 2077 768 2145 iud‘
816 2083 890 2145 stus
911 2077 948 2145 in
969 2076 1099 2145 hostem
1122 2077 1220 2143 rediit
1240 2080 1275 2144 et

116 2177 120 2184 '
281 2187 357 2232 uem
374 2165 521 2252 ium’ebst
537 2165 651 2252 fugere
668 2186 752 2251 conp
790 2167 823 2234 't
856 2165 999 2236 difficilis
1017 2170 1096 2231 tunc
1113 2165 1149 2230 iu
1166 2164 1273 2231 relstu

258 2187 355 2321 adeor
375 2251 595 2320 Nomentiuos
612 2256 648 2319 et
663 2251 698 2319 fu
743 2273 819 2320 uere
838 2257 872 2320 ot
892 2252 1057 2338 fugientes
1078 2250 1189 2318 uidere
1208 2250 1273 2318 Ro·

222 2341 360 2408 smsni
403 2338 490 2409 unde
517 2341 666 2428 quemuis
717 2339 817 2427 cipio,
844 2339 922 2427 quie
947 2345 1079 2426 prester
1104 2360 1197 2426 spem
1220 2359 1271 2406 sc-

258 2428 395 2514 ciderst,
417 2429 559 2495 lsstsms
582 2433 616 2494 et
659 2429 796 2495 lorictus
818 2433 919 2514 esset,
943 2432 1054 2495 tsmeu
1076 2428 1163 2494 ultre
1184 2425 1271 2494 bello
1285 2455 1313 2498 ss

36 2580 42 2598 ,
61 2516 72 2588 ·;
220 2530 241 2582 s
260 2513 432 2583 urinarum
450 2535 507 2582 eos
525 2449 708 2581 rudentium
725 2536 794 2581 nou
810 2536 880 2582 esse
892 2515 1059 2600 professus
1072 2519 1131 2582 est
1162 2515 1272 2600 itequs

36 2603 42 2635 ¹
259 2601 368 2690 Scipio
389 2601 605 2670 insistendum
627 2601 806 2687 inopiustis
827 2601 1041 2687 prouentibus
1063 2601 1199 2685 censuit,
1220 2622 1272 2666 ur·

257 2691 334 2758 bem
354 2691 461 2776 ipsum
483 2689 652 2757 obsidione
674 2689 843 2774 conclusit,
864 2688 954 2756 foces
976 2689 1076 2755 etism
1098 2687 1272 2755 circumdo·

261 2777 331 2864 ¹siit,
363 2777 456 2845 cuius
487 2777 625 2844 latitudo
655 2777 792 2862 pedibus
823 2777 948 2861 decem,
979 2775 1119 2843 altitudo
1149 2774 1271 2862 uiginti
1288 2791 1365 2840 oses

221 2866 333 2935 sicit.
374 2864 485 2950 ipsum
506 2863 623 2931 deinde
644 2864 769 2931 usllum
790 2862 925 2931 sudibus
946 2866 1187 2948 praestructum
1204 2883 1272 2929 cre·
1285 2878 1313 2920 ω

258 2953 328 3020 bris
358 2951 505 3020 turrinus
533 2951 750 3036 conmuniuit,
779 2955 831 3036 ut,
863 2951 892 3017 si
921 2972 987 3037 qus
1013 2949 1056 3017 sb
1083 2955 1272 3034 erumpente

258 3039 353 3109 hoste
382 3039 418 3106 iu
447 3059 523 3106 eum
549 3043 766 3126 temptsretur
793 3037 952 3125 inruptio,
983 3037 1050 3103 ism
1081 3058 1150 3104 nou
1177 3037 1272 3122 qussi

60 3121 63 3174 ³
258 3127 411 3198 obsessor
438 3147 513 3196 cum
542 3126 677 3196 obsesso
706 3127 763 3194 sed
791 3147 888 3194 uerus
915 3125 987 3193 uice
1016 3126 1167 3196 obsessus
1197 3145 1271 3192 cum

51 3211 63 3296 tf
199 3231 242 3286 ιο
259 3217 432 3287 obsessore
451 3219 621 3304 pupsret
665 3214 845 3283 Numsntiu
867 3217 975 3282 eutem
997 3213 1032 3282 in
1053 3213 1182 3281 tumulo
1205 3213 1271 3280 sits

50 3301 53 3339 ⁶
258 3305 347 3375 mou
372 3303 487 3391 procul
506 3327 529 3372 s
548 3303 681 3372 flumine
702 3301 807 3370 Durio
829 3301 895 3370 tris
915 3301 1006 3369 milis
1026 3321 1183 3388 persuum
1205 3313 1312 3369 tem-⁸⁸

60 3462 63 3474 ,
256 3395 330 3464 bitu
350 3391 436 3460 muri
456 3391 720 3480 emplersbsturr
741 3389 891 3478 quemuis
909 3389 1010 3477 sliqui
1028 3389 1182 3457 sdsersut
1198 3409 1271 3455 eum

59 3490 63 3548 1
199 3479 769 3570 ssetpsruosituetsiusmuro
791 3475 1272 3563 misserundecredibileest,
