2820 3778
309 177 375 246 134
558 179 666 234 ram
682 179 807 235 0308ss
824 177 1073 232 merosum!

253 333 290 386 ra
306 321 468 392 industria
489 322 644 391 liberatus
666 327 726 392 est
761 320 870 409 Scipio
888 321 1062 390 Africanus
1085 322 1170 390 inter
1192 325 1316 390 ceteros

304 411 432 498 lagatos
458 411 500 478 ad
522 411 722 482 Antiochum
748 412 878 498 ιιιίιιιιι,
907 411 1005 479 etiarn
1029 433 1103 480 cnm
1128 407 1316 479 Hannibale

250 511 288 562 aa
303 499 512 586 conloquium
528 499 690 569 familiare
707 501 831 569 babuit
863 500 919 568 sed
937 499 1059 569 inlecto
1076 498 1167 587 pacis
1180 501 1315 587 negotio
1374 502 1382 516 '

303 587 347 654 ab
368 587 535 656 Antiocho
559 589 715 657 limant
760 589 795 656 in
818 592 955 676 utraqm
977 587 1139 675 Hispania
1159 609 1218 674 per
1240 587 1315 655 Fla·

302 675 439 745 minium
465 675 682 766 Fuluiumque
708 681 878 766 praetores
907 676 995 744 balla
1021 677 1161 745 multum
1184 676 1315 744 horrida
1341 691 1355 738 a

302 771 501 858 meumque
522 769 669 858 utrisque
691 768 820 858 populis
843 772 937 858 gesta
959 771 1043 838 suut

245 869 287 922 aa
368 857 405 926 P.
419 855 572 927 Cornelio
590 857 740 945 Scipione
754 857 798 926 M.
811 858 917 926 Acilio
931 856 1108 927 Glabrione
1125 856 1314 927 consulibus

299 943 485 1012 Antiochus
512 947 661 1032 quamuis
683 946 920 1032 Thermopylas
947 949 1149 1032 occupasset,
1174 967 1313 1034 quarum

299 1033 478 1099 munimina
503 1033 606 1100 tutior
654 1042 765 1119 ropter
793 1033 909 1100 dubios
938 1032 1017 1098 belli
1046 1037 1182 1100 euentus
1211 1032 1313 1117 fieret,

301 1122 412 1187 tamm
434 1120 609 1189 commisso
685 1122 717 1189 lc
741 1144 762 1189 a
783 1122 915 1188 consule
938 1119 1115 1188 Glabrione
1138 1126 1309 1206 superatus
1324 1139 1352 1184 re

298 1207 357 1274 uix
378 1228 452 1275 cum
473 1209 586 1296 paucis
608 1207 735 1296 fugite
757 1210 879 1297 proelio
901 1207 1131 1297 Ephesumque
1153 1209 1311 1295 peruenit

77 1291 91 1390 ’ὖ
241 1309 279 1362 aa
299 1294 505 1400 isUbabuisse
526 1296 630 1365 lartum
651 1303 849 1366 umamrum
871 1314 919 1364 ux
941 1297 1044 1379 milia,
1067 1317 1107 1364 ex
1129 1296 1246 1384 quibus
1264 1314 1311 1364 ιιι.

297 1383 392 1450 mulsa
408 1405 513 1469 cassa,
529 1389 626 1470 capta
642 1386 716 1471 plus
734 1406 832 1471 quam
850 1401 875 1451 v
892 1385 983 1451 milia
1000 1385 1101 1451 luisse
1118 1386 1311 1454 referuntur.

298 1469 384 1538 alter
409 1471 524 1539 consul
550 1471 659 1558 Scipio
685 1495 758 1540 cum
786 1471 940 1539 Boiorum
1009 1476 1065 1539 nte
1092 1473 1250 1556 conflixit,
1275 1473 1311 1539 in

297 1578 364 1644 qno
378 1559 513 1645 proelio
534 1578 584 1628 xx
606 1561 699 1627 milia
720 1559 864 1628 bostium
886 1559 953 1627 inte
985 1559 1057 1626 ecit
1325 1577 1352 1623 ιι

238 1661 281 1714 aa
366 1643 521 1734 Sequenti
543 1669 628 1715 auno
652 1647 761 1734 Scipio
781 1647 966 1732 Africanus,
986 1646 1111 1714 babens
1132 1645 1168 1713 in
1190 1646 1310 1715 auxilio

296 1731 476 1802 Humanam
508 1734 616 1802 Attali
648 1736 768 1823 lilium,
799 1736 956 1803 aduersus
987 1731 1221 1819 Hannibalem,
1254 1735 1309 1820 qui

295 1829 375 1887 tune
399 1821 557 1890 Antiochi
584 1823 681 1890 classi
707 1827 868 1908 praeerat,
897 1823 1018 1889 ballum
1047 1822 1164 1888 nauale
1192 1823 1307 1908 gessit3

296 1907 478 1977 Antiochus
504 1907 603 1978 uilcto
630 1910 817 1978 Hannibale
843 1914 941 1997 atque
968 1909 1003 1975 in
1029 1907 1142 1996 iugum
1170 1913 1243 1976 acto
1266 1909 1308 1975 si·
1327 1939 1350 1980 a
1363 1923 1391 1967 ¹²

295 1997 429 2084 mulque
451 1998 542 2065 omni
563 2000 704 2067 mercitu
721 1999 844 2066 amisso
861 2019 975 2086 pacem
992 1997 1124 2085 rogauit
1141 1996 1308 2083 ibamque
1322 2017 1351 2063 sc

78 2093 85 2168 ζ.
237 2109 239 2112 ·
295 2085 457 2173 Africani,
483 2108 579 2173 quem
606 2093 716 2154 utrum
738 2089 961 2175 explorantem
988 2108 1032 2153 an
1054 2087 1090 2153 in
1111 2085 1235 2172 proelio
1258 2108 1309 2154 ce·

79 2180 84 2230 1
235 2191 278 2244 aa
294 2173 399 2330 paroc
409 2175 569 2244 incertum
586 2181 647 2262 est,
659 2176 746 2244 ultro
761 2175 898 2244 remisit
933 2174 969 2242 in
980 2173 1142 2262 Hispania
1156 2173 1309 2242 ulteriore

348 2262 507 2333 Aemilius
525 2266 717 2352 proconsule
734 2287 757 2333 a
772 2263 939 2332 Lusitanis
957 2285 1030 2332 cum
1047 2264 1200 2331 uniuerso
1219 2285 1309 2332 exer·

237 2367 278 2423 14
295 2352 364 2420 citu
391 2373 502 2422 mesas
529 2353 663 2422 interiit
708 2352 744 2422 L
765 2351 907 2422 Baebius
934 2353 971 2420 in
992 2351 1189 2441 Hispaniam
1211 2352 1308 2440 proli·

294 2439 427 2529 uiscera
440 2441 643 2532 abiguribus
657 2443 897 2511 circumeamus
910 2464 984 2510 cum
997 2443 1150 2511 uniuerso
1165 2443 1307 2511 exercitu
1321 2461 1349 2507 ss

295 2530 421 2598 occisus
439 2535 503 2619 est3
526 2532 610 2600 unde
633 2532 714 2599 adeo
731 2553 774 2600 ns
791 2531 943 2598 nuntium
961 2530 1091 2619 quidem
1109 2531 1307 2617 superfuisse

295 2623 436 2708 cunstat
463 2624 502 2685 nt
527 2620 779 2688 internecionem
806 2621 912 2706 ipsam
939 2617 1063 2686 Romae
1084 2616 1306 2686 Massilienses

80 2673 86 2754 i
236 2721 277 2777 aa
293 2708 444 2776 nuntiare
456 2710 650 2778 canuerint
671 2707 807 2777 Fuluium
820 2707 932 2777 consul
948 2706 988 2775 da
997 2706 1135 2776 Graecia
1147 2708 1183 2774 iu
1197 2705 1306 2776 Gallo·

84 3439 91 3465 ·
240 3431 277 3484 aa
292 3418 466 3488 mterlacta
481 3417 674 3488 mfsruntur.
709 3417 850 3488 Marcius
868 3419 982 3486 consul
1000 3416 1154 3486 adueruus

293 2796 466 2884 graeciam,
484 2819 567 2884 qaae
584 2819 672 2866 nunc
685 2803 736 2867 est
749 2797 888 2881 Galatia,
906 2799 1111 2865 transuectus
1138 2796 1180 2863 ael
1193 2795 1307 2883 Olym·

293 2905 372 2970 pum
393 2888 539 2952 montem
559 2886 723 2972 peruenit,
751 2885 793 2952 ad
815 2907 912 2972 quem
934 2885 1079 2952 uniuersi
1101 2847 1347 2972 Gallograeciae

292 2991 368 3038 cum
380 2973 574 3060 coniugibus
591 2973 754 3078 st'liberis
771 2974 993 3064 confugerant,
1009 2972 1121 3127 ibispre
1138 2971 1306 3074 acerbissi-

252 3189 256 3195 .
292 3081 388 3237 en
405 3059 891 3254 elimam
907 3060 1307 3254 resaisistis

293 3238 440 3324 contuiti,
467 3239 598 3308 taudem
626 3259 729 3328 usqua
757 3238 799 3305 ael
828 3257 1037 3327 congressum
1063 3236 1209 3306 bostrum
1235 3257 1306 3324 per·

292 3333 462 3418 ruperunt:
477 3327 695 3418 quadraginta
711 3328 803 3399 milia
815 3325 1105 3418 Gallograecorum
1122 3347 1161 3395 eo
1168 3324 1304 3484 1ράιιιιίἰι
1316 3347 1345 3393 ss

292 3505 458 3596 proiectus
487 3497 721 3598 supmaturqne
751 3523 807 3577 tm
834 3507 927 3575 milia
953 3505 1095 3576 militum
1123 3435 1306 3583 amisi‘tmeel:
1353 3597 1356 3602 ¹

1325 3687 1391 3722 A
