2806 3788
342 151 538 205 anrnnevn
556 149 721 203 raoauoe
740 149 781 202 m
801 151 915 204 ra-re.
1091 142 1136 211 35
1272 108 1275 179 ἶ

121 303 199 364 tena
220 297 312 364 milia
333 293 507 383 profligata
528 293 726 360 referuntur:
749 313 945 380 quamquam
964 295 1057 358 extra
1073 289 1170 358 hara

122 385 229 455 eladae
251 406 311 474 per
332 383 464 453 condem
484 387 552 450 traa
575 403 680 450 annor
702 381 849 449 etAaiae
868 381 1019 448 ciuicam
1036 379 1134 468 pluri·
1276 416 1278 424 ·

122 497 194 544 mae
221 495 394 564 oppreaeae
423 473 489 542 rint
516 477 549 541 et
571 470 666 559 Syria
687 475 759 540 tota
781 473 924 552 ummo,
951 469 1060 557 Tyana
1082 491 1135 537 ex·

97 559 1135 737 .iridi?auetrtrrrrrrrrrerrrr

123 741 313 808 tremefacta
348 737 540 807 mccaaaerit
575 738 796 824 plurimaeque
829 737 994 805 subiectae
1026 735 1135 802 Tauro

124 830 310 918 prouinciae
342 833 439 916 atque
464 827 536 915 ipae
563 847 657 894 mone
686 824 813 892 'l'aurua
840 825 896 893 diu
921 823 1137 893 detrectatum

123 919 235 1005 iugum
259 917 401 985 domitur
423 921 458 982 et
479 917 585 983 nictua
608 916 777 1000 acceperit

190 1005 236 1072 nt
258 1026 300 1072 ne
322 1004 407 1071 forte
428 1009 508 1070 tunc
529 1003 700 1090 quiequam
725 1003 876 1087 opinetur
897 1000 950 1067 uel
971 997 1138 1066 Orientem
1153 1005 1192 1066 10

84 1109 111 1155 ιο
125 1093 231 1160 aolum
244 1091 422 1160 Alexandri
444 1090 569 1159 uiribur
592 1090 763 1158 subactum
781 1091 834 1157 uel
847 1089 978 1156 Italiam
995 1091 1138 1154 tantam·

36 1211 59 1252 a
73 1197 112 1241 1⁸²
125 1182 223 1249 modo
252 1181 401 1249 Romana
435 1177 667 1267 inquietudine
699 1179 888 1267 fatigatam
924 1181 1004 1245 lunc
1037 1175 1138 1243 etiam

126 1269 299 1356 bellamld
346 1269 405 1336 ‘dia
424 1268 659 1358 Spartanorum
678 1268 765 1354 regie
783 1267 817 1334 in
835 1265 980 1352 Graecia,
998 1265 1138 1333 Alexan·

125 1357 175 1422 dri
205 1358 294 1444 regia
352 1357 415 1442 piri
446 1357 481 1423 in
510 1355 668 1440 Lucania,
699 1355 893 1440 Zopyrionie
919 1353 1077 1439 praelecti
1104 1353 1139 1418 in

125 1441 259 1530 Scythia
294 1443 476 1530 gerebatur.
526 1463 663 1530 quorum
693 1441 833 1528 Hagidia
864 1439 1175 1508 Lacedaemoniun

85 1548 112 1591 ιι
125 1533 267 1599 excitata
297 1534 331 1598 et
360 1530 540 1598 rebellante
571 1551 680 1598 aecum
711 1530 866 1596 uniuersa
897 1527 1035 1595 Graecia
1065 1548 1139 1595 cum

124 1619 292 1706 Antipatri
322 1617 511 1688 lortieeimie
538 1619 641 1706 copiia
669 1639 863 1708 congreaeue
889 1617 975 1684 inter
1002 1637 1139 1705 magnae

124 1714 336 1796 utrorumque
359 1715 485 1796 rtragea
507 1714 542 1776 et
564 1709 635 1796 ipae
658 1708 840 1796 procubuit
878 1706 1061 1775 Alexander
1082 1721 1176 1774 ιιι-ι

124 1802 190 1865 tem
214 1799 248 1866 in
266 1797 365 1866 Italia
387 1798 556 1867 adfectans
578 1797 754 1867 occidentia
777 1796 948 1885 imperium
972 1795 1139 1864 aemulans

124 1886 347 1955 Alexandrum
369 1887 405 1956 M
470 1910 538 1970 um,
565 1892 642 1974 poet
663 1908 837 1954 numeroaa
860 1891 894 1954 et
915 1886 1031 1974 grauia
1051 1883 1141 1952 bella

84 1976 244 2044 eibidam
267 1980 362 2062 gesta
384 1999 404 2043 a
451 1975 560 2043 ruttiia
578 1976 781 2062 Lucaniaque
805 1979 975 2062 superatur
998 1977 1049 2040 eat
1068 1995 1138 2042 cor·

124 2086 250 2152 poaque
274 2065 343 2132 eiua
366 2064 407 2132 ad
430 2064 630 2153 aepulturam
653 2064 828 2132 uenditum.
873 2061 1038 2150 Zopyrion
1060 2075 1176 2132 uerot

147 2155 306 2224 racleclua
342 2153 438 2224 Ponti
479 2155 621 2223 adunato
656 2153 795 2242 triginta
834 2153 959 2222 milium
997 2152 1140 2221 exercitu
1272 2157 1277 2173 '

167 2243 257 2330 ythia
283 2243 407 2312 bellam
434 2244 553 2312 inferre
581 2266 679 2312 auena
703 2249 736 2311 et
757 2266 860 2330 unque
882 2243 925 2310 ad
947 2243 1138 2312 internecio·

125 2352 201 2398 nem
228 2351 341 2398 caeam
368 2331 514 2399 funditur
541 2352 613 2398 cum
640 2331 792 2400 omnibua
819 2332 923 2418 copiia
950 2331 1018 2398 auia
1044 2332 1138 2398 abra·

85 2435 181 2485 accur
204 2426 262 2487 eat.

192 2505 298 2594 igitur
318 2505 502 2575 Alexander
523 2504 674 2595 Magnae
687 2513 763 2594 port
781 2506 873 2574 Darii
895 2511 1034 2574 mortem
1052 2505 1137 2594 Hyr·
1155 2521 1175 2574 o

126 2616 224 2662 aanor
247 2599 280 2662 et
296 2593 432 2662 Mandoa
457 2596 600 2682 subegit:
623 2595 679 2662 ubi
698 2596 799 2662 etiam
816 2595 910 2661 illum
928 2594 1034 2662 adhuc
1050 2596 1138 2665 bello

125 2683 286 2749 intentum
308 2681 470 2750 llaleatrie
493 2684 563 2750 eiua
584 2682 766 2766 Minothea,
787 2684 893 2750 excita
915 2682 1138 2768 auadpiandaa

126 2769 168 2836 ab
195 2791 234 2838 eo
258 2769 380 2838 eubolia
402 2771 511 2858 gratia
531 2792 604 2839 cum
627 2771 780 2838 trecentis
802 2769 996 2838 mulieribus
1018 2791 1139 2856 procax

86 2874 114 2917 ω
127 2857 272 2926 Amazon
298 2859 433 2926 inuenit
479 2865 556 2946 poet
582 2859 663 2927 haec
689 2859 884 2927 Parthorum
911 2879 956 2946 pu
1002 2880 1054 2925 am
1082 2859 1173 2926 ad·c

126 2966 266 3032 paeana,
284 2969 365 3034 quoa
384 2947 440 3016 diu
458 2948 644 3016 obnitentes
662 2948 782 3015 deleuit
800 2967 932 3035 propem
976 2969 1032 3014 um
1046 2952 1137 3016 ante-

125 3057 223 3120 quam
254 3036 347 3123 uicit,
382 3035 457 3104 inde
483 3035 635 3124 Drangae
661 3036 843 3125 Euergetas
870 3035 1019 3103 Parimae
1040 3034 1173 3104 Para-t

36 3149 59 3190 a
72 3139 112 3182 ιω
125 3143 279 3281 gamenoa
306 3121 477 3210 Adlaepior
506 3131 693 3210 ceterosque
722 3125 860 3212 populor
886 3125 942 3210 qui
969 3123 1004 3191 in
1029 3125 1137 3192 radice

152 3211 260 3280 aucaei
278 3212 491 3282 morabantur
508 3213 648 3303 eubegA,
665 3213 744 3282 urbe
762 3212 810 3281 ibi
823 3211 1022 3282 Alexandria
1040 3233 1138 3302 aupcr

85 3318 253 3376 aaronem
285 3299 421 3370 Tanaim
453 3303 639 3372 constituta
685 3302 743 3371 aed
772 3324 832 3370 nec
864 3303 971 3372 minor
1002 3303 1073 3371 eiua
1099 3302 1172 3370 inc

124 3411 199 3456 auor
226 3390 400 3460 crudeliter
427 3414 525 3480 quam
554 3391 591 3458 in
617 3390 746 3461 hortem
772 3391 880 3460 rabiee
903 3391 974 3460 luit
1018 3391 1137 3460 docent

124 3476 186 3547 hoo
207 3477 369 3566 Amyntu
392 3480 605 3550 conrobrinaa
628 3481 769 3570 moena,
794 3500 935 3550 nouerca
955 3479 1138 3570 rareque
