2806 3788
291 170 487 226 suvsssvrr
504 169 671 225 eremos
689 171 746 224 1111
764 171 901 238 rmsr.;
922 176 946 226 1.
1069 167 1131 234 101

122 315 201 382 urhe
224 334 352 398 semper
374 310 581 378 sufficiendae
603 311 705 396 prolis
729 331 827 378 causa
849 311 1024 396 uocabant,
1050 309 1133 378 mili·

16 469 17 472 ,
122 405 187 470 tiae
210 400 407 469 adscriberet
431 399 552 485 quippo
575 419 648 466 cum
670 398 795 466 frustra
812 400 851 466 de
869 399 960 486 prole
978 419 1057 466 cura
1074 403 1133 483 est,

121 491 185 556 nisi
213 489 309 556 rebus
362 485 566 553 raesentihus
593 487 791 554 consulatur.
834 487 944 572 itaque
971 486 1073 552 inruit
1099 485 1169 551 ina

16 605 55 646 ¹s
69 592 109 637 ιιι
122 578 291 644 uniuersos
349 573 572 641 martinorum
607 573 695 641 llines
727 595 801 642 cum
830 573 972 641 Aemilio
1004 573 1136 640 consuls

96 683 110 724 ι
122 667 289 732 Romarm
303 663 472 766 exercitus,
489 663 558 765 ignr
572 663 721 766 ferroque
734 667 845 730 uastat
858 663 978 748 omnia,
995 663 1137 748 plurima

123 748 1171 927 {ululettulltlrzlllt‘plhhthdltr

122 951 195 995 rum
212 927 383 1015 praesidiis
400 926 513 1013 fultos,
530 928 670 994 maxima
684 927 831 1014 Pyrrhus
848 929 948 1012 auxit,
966 928 1023 1014 qui
1037 928 1138 994 etiam

122 1016 157 1083 in
175 1037 209 1084 ss
228 1017 271 1084 ob
284 1015 542 1103 magnitudinem
555 1015 676 1082 uirium
691 1017 964 1103 consiliorumque
978 1037 1136 1083 summam

83 1121 110 1165 ιι
123 1104 202 1172 bclli
224 1125 405 1191 nomenque
428 1102 621 1172 transduxit
658 1127 737 1173 nam
756 1103 942 1191 Turonium,
965 1109 1080 1192 utpote
1098 1115 1173 1171 exe

122 1193 388 1264 Lacedaemoniis
416 1195 582 1263 conditam
610 1201 847 1284 cognatamque
874 1193 1029 1264 Graeciae
1059 1195 1139 1264 ciui·

122 1288 240 1368 tatem,
270 1283 494 1351 uindicaturus
526 1289 614 1350 totas
646 1286 733 1350 uires
762 1285 855 1370 Epiri
882 1283 1073 1351 Thessaliae
1104 1288 1139 1349 at
1223 1293 1226 1300 '

123 1369 340 1454 Macedoniae,
363 1371 554 1456 elephantos
577 1370 677 1437 etiam
700 1393 802 1524 usqua
824 1371 859 1437 in
881 1371 915 1437 id
937 1376 1066 1456 tempus
1090 1370 1138 1435 in·

123 1458 211 1525 uisos
233 1457 392 1524 Romanis
414 1479 548 1525 numero
571 1475 621 1526 xx
644 1459 678 1525 in
698 1457 750 1524 lta
764 1459 830 1524 iam
853 1458 977 1544 primus
999 1457 1138 1524 inuexitr

85 1561 111 1605 ιι
124 1552 213 1613 terra
239 1546 335 1632 mari,
364 1547 445 1614 uiris
468 1548 573 1633 equis,
603 1548 702 1615 armis
725 1548 844 1632 beluis,
873 1546 915 1613 ad
937 1551 1137 1633 postremum

125 1635 248 1702 uiribus
267 1635 333 1701 suis
353 1633 500 1721 dolisque
517 1636 682 1722 terribilis,
698 1635 763 1704 nisi
781 1636 868 1722 quod
880 1634 1032 1722 Delphici
1050 1635 1138 1703 illius
1157 1644 1174 1698 ι

124 1724 308 1826 uanissimi·
326 1723 459 1826 spiritus
491 1729 525 1791 et
556 1723 795 1794 mendacissimi
826 1724 1013 1812 nebulonis,
1045 1745 1141 1812 quem

124 1813 1176 1986 lffild'ititllssh‘lll:tntlllttl‘ltzt0

86 1999 114 2044 ιι
127 1985 213 2071 apud
231 1984 433 2069 Heracleam,
456 1982 654 2070 Campaniae
676 1989 800 2074 urbem,
822 1989 1020 2075 fluuiumque
1038 1987 1142 2054 Lirim

124 2073 231 2159 prima
261 2072 347 2139 inter
375 2071 538 2158 Pyrrhum
564 2094 675 2161 regem
707 2081 741 2143 st
766 2077 947 2143 Laeuinum
974 2076 1143 2144 consulem

37 2175 238 2247 ariopagus
261 2160 436 2228 commissa
459 2157 527 2228 lest.
567 2168 760 2249 consumpta
783 2170 835 2231 est
857 2165 1053 2252 grauissimo
1076 2186 1142 2232 osr-

126 2249 249 2315 tamine
277 2248 360 2334 dies,
387 2247 551 2336 utrimque
573 2250 724 2318 omnibus
747 2253 831 2319 mori
854 2253 1004 2338 intentis,
1029 2251 1142 2340 iugera

126 2336 253 2403 nesciis.
294 2335 496 2404 introductos
520 2341 629 2405 autem
653 2339 738 2406 inter
760 2341 987 2408 concurrentia
1008 2341 1176 2426 agminaa

86 2438 114 2481 ιι
128 2423 318 2509 elephantos
341 2425 446 2490 forma
468 2429 587 2513 truces,
608 2425 708 2495 odore
726 2447 853 2514 muas,
875 2428 961 2496 mole
978 2429 1142 2495 terribiles

127 2516 165 2577 ut
187 2511 296 2580 uidere
315 2511 467 2600 Romani,
488 2535 575 2583 nouo
598 2515 765 2604 pugnandi
789 2536 909 2603 genere
930 2515 1142 2586 choumusnti

128 2606 161 2666 et
183 2599 300 2684 territi,
361 2601 413 2667 uis
431 2603 572 2669 maxime
589 2604 824 2691 pauitantibus,
846 2603 1053 2693 diffugerunt
1085 2604 1141 2673 ssd
1161 2617 1197 2670 ιι

126 2691 301 2774 postquam
362 2689 485 2758 'ocius
513 2695 649 2777 quartae
676 2691 817 2780 legionis
842 2691 969 2779 primus
991 2692 1142 2761 hasmtm

127 2781 313 2862 protentam
336 2777 373 2846 in
391 2798 426 2846 so
444 2801 577 2849 manum
595 2779 710 2849 beluas
728 2779 839 2871 gladio
857 2779 1002 2852 desecuit
1020 2786 1054 2850 et
1070 2804 1143 2852 con·

87 2867 293 2935 aureatam
321 2868 434 2938 dolore
460 2870 605 2938 uulneris
632 2870 735 2939 auerti
764 2871 852 2940 hello
879 2875 977 2961 atque
1003 2873 1039 2940 in
1067 2895 1144 2941 suos

129 2956 254 3022 sasaim
273 2958 418 3042 conpulit
435 2959 567 3045 eiusque
585 2960 787 3027 inmoderato
801 2958 947 3027 discursu
961 2960 1145 3046 perturbari

128 3061 166 3106 ac
196 3041 382 3126 permisceri
413 3064 563 3131 coepere,
593 3047 669 3114 finis
700 3067 832 3134 pugnae
858 3047 958 3114 etiam
986 3047 1142 3115 beneflcio

127 3128 233 3198 nocue
252 3129 413 3218 inpositus
432 3139 490 3200 cst
522 3134 628 3202 uictos
646 3133 748 3204 fuisse
762 3133 926 3204 Romarm
944 3136 1050 3226 turpis
1063 3135 1144 3226 iuga
1162 3149 1193 3202 ιι

126 3217 284 3306 prodidit:
315 3242 453 3310 quorum
484 3226 562 3292 tunc
595 3225 750 3294 cecidisse
781 3225 966 3292 relenmtur
996 3225 1142 3315 peditum

86 3321 113 3368 ιι
126 3307 210 3378 fissi
219 3325 417 3400 nccmxxx,
426 3313 540 3399 captil
550 3328 649 3403 cccx,
659 3315 784 3404 equites
793 3319 902 3384 autem
912 3315 997 3384 caesi
1007 3333 1143 3402 ocxuvu

127 3399 213 3487 capti
235 3414 367 3485 oscen,
394 3402 490 3488 signa
517 3403 638 3470 amissa
660 3422 746 3471 xxm.
790 3425 868 3470 nam
892 3408 1032 3490 quantus
1054 3425 1073 3472 e
1095 3403 1142 3472 di·
1160 3416 1194 3469 ra

125 3505 222 3553 usrso
247 3506 401 3555 uumsms
424 3486 587 3558 sociorum
609 3488 730 3578 Pyrrhi
751 3491 851 3559 luerit
872 3491 1050 3577 extinctus,
1076 3512 1141 3559 ms-

335 3732 429 3748 *-
