2714 3788
235 97 431 154 mveaevrr
448 97 613 153 nouenos
632 100 683 153 v11
703 101 816 158 ro-re.
968 99 1034 168 253

23 238 786 417 llbbltltlttllllallttol
808 244 1034 401 tlultffl:

784 380 793 412 l

24 417 201 486 innocentia
224 415 439 484 oonleeeionie
462 419 584 502 nemini
602 423 741 485 mortem
759 440 894 506 grauem
912 441 952 488 ae
968 419 1032 488 for·

23 503 215 572 miduloeam
233 504 346 590 uideri,
363 505 529 591 reaariptia
547 506 621 573 ilioo
639 506 816 574 lenioribua
837 509 1033 594 temperauit

2 593 171 660 edietum.
215 595 440 658 nerumtamen
465 593 618 660 continuo
643 593 766 661 Romae
788 617 887 662 aurea
909 593 1068 679 domna,⁴

24 679 185 748 aNerone
203 680 283 748 tolia
301 678 441 768 priuatie
458 681 661 767 publicisque
680 681 777 749 rebua
795 683 939 769 inpeneia
957 705 1031 750 oon·

22 771 104 856 dita,
125 769 294 856 repentino
317 768 533 856 conflagranit
553 769 711 855 ineeudio,
732 775 771 837 ut
791 770 1034 858 intellegeretur

23 860 122 927 mieea
150 858 248 926 etiam
278 857 320 925 ab
350 857 414 926 alio
446 859 628 945 pareeoutio
660 859 696 926 in
727 859 830 946 ipeiua
860 861 1033 947 potieaime

22 947 254 1034 monumentis,
282 969 303 1016 a
333 969 397 1034 quo
427 947 568 1035 primum
598 953 711 1016 exorte
739 953 839 1033 earet,
870 955 967 1038 atque
998 949 1033 1017 in

3 1039 93 1126 =ipeo
110 1041 241 1104 auctore
259 1037 376 1125 puniri.
409 1042 516 1106 mrrae
533 1043 625 1104 motu
643 1043 798 1125 quattuor
816 1039 913 1106 urbae
930 1038 1031 1106 baiae
1049 1058 1067 1109 t
1088 1113 1091 1120 ,

23 1126 209 1210 subuersae,
236 1123 340 1192 Elaea
366 1124 497 1212 Myrina
523 1124 639 1193 Pitane
670 1125 787 1213 Cyme,
802 1132 849 1194 ‘et
877 1125 1031 1195 Graeciae

22 1215 171 1282 ciuitates
194 1214 286 1300 duae,
308 1211 525 1299 Opuntiorum
542 1217 577 1282 et
593 1213 772 1300 Oritorum3
796 1219 863 1282 trea
882 1214 1032 1283 Galatiae

22 1302 169 1370 ciuitatee
187 1303 301 1370 eodem
320 1305 425 1370 terrae
443 1307 534 1370 motu
552 1303 691 1390 dirutam
710 1303 890 1371 Pentheum
909 1303 1031 1372 Romae

22 1391 157 1458 fulmine
169 1393 424 1474 concrematum
443 1394 549 1458 terrae
567 1395 676 1457 motua
690 1391 726 1457 in
738 1391 916 1459 Antiochia
928 1413 1031 1479 paene

2 1518 4 1525 ,
22 1478 263 1547 lolemaubruit
274 1479 449 1546 ciuitatem.
472 1477 653 1546 incredibili
665 1479 780 1547 deinde
792 1485 883 1548 motu
895 1480 956 1547 eub
967 1499 1068 1550 nnoa

22 1573 166 1655 tempore
187 1566 300 1635 ludaei
327 1567 419 1654 quari
447 1567 537 1634 rabie
564 1566 690 1635 efferati
717 1591 776 1655 per
801 1568 946 1636 diuersae
968 1573 1032 1636 ter·

22 1677 129 1722 rarum
156 1659 267 1742 parter
291 1659 489 1722 exarserunt
533 1677 609 1722 nam
632 1661 667 1722 et
687 1678 745 1742 per
767 1663 871 1724 totam
894 1656 1032 1743 Libyam

23 1744 175 1811 adnerm
194 1744 316 1812 incolae
330 1744 534 1812 ntroeiaaima
546 1743 634 1811 bella
647 1748 834 1830 genuerunt:
854 1766 937 1832 quae
952 1745 1032 1812 adeo

22 1836 99 1899 tuno
116 1833 296 1900 interfectis
314 1833 492 1900 cultoribus
511 1831 669 1899 deleolata
686 1837 745 1918 eat,
767 1838 814 1917 nt,
835 1833 899 1899 niei
917 1837 1033 1919 penten

3 1917 205 1988 Hadrianus
233 1922 410 2007 imperetur
436 1920 591 1988 oolleotae
618 1919 696 1986 illua
727 1918 855 1987 aliunde
885 1921 1031 1988 coloniae

23 2006 213 2094 deduxisset,
231 2030 334 2075 uacua
350 2009 481 2095 penitae
497 2011 586 2074 terra
604 2007 721 2076 abraae
739 2008 925 2075 habitatore
942 2031 1031 2075 man·

23 2095 124 2163 eieeet
152 2097 339 2184 Aegyptum
356 2117 435 2163 nero
453 2097 558 2163 totam
572 2099 606 2164 et
620 2094 771 2181 Cyrenen
784 2095 1066 2167 et'l'hebaidamt
1145 2119 1148 2122 ·
1259 2060 1261 2066 Ι

22 2185 161 2252 ornantia
180 2183 392 2251 reditionibus
411 2183 633 2251 turbauerunt.
664 2184 699 2250 in
714 2183 910 2251 Alexandria
922 2190 1032 2252 numm

22 2273 193 2341 commisso
220 2273 345 2360 proelio
368 2272 447 2340 uioti
470 2276 504 2341 et
525 2271 638 2340 adtriti
661 2279 747 2340 eunt.
792 2273 828 2339 in
849 2271 1031 2360 Meropota·

2 2398 4 2405 ⁴
22 2363 87 2428 mia
108 2383 237 2448 quoque
254 2361 488 2429 rebellantibus
507 2362 598 2429 iuaau
615 2362 823 2451 imperatorie
842 2362 965 2430 bellum
982 2363 1031 2429 in·

22 2449 122 2518 latum
154 2455 214 2520 eet
261 2451 373 2538 itaque
403 2451 507 2518 multe
539 2450 632 2518 milia
662 2472 775 2519 eorum
806 2456 902 2518 uasta
934 2450 1031 2518 oaede

22 2539 125 2608 dueta
145 2544 232 2609 eunt
269 2562 347 2609 eane
370 2539 570 2610 Salaminam
592 2539 707 2608 urbem
729 2539 828 2628 Cypri
850 2539 1066 2610 interleotiea

22 2630 169 2698 omnibua
192 2630 311 2700 aooolie
335 2631 532 2700 deleuerunt
576 2629 752 2718 Traianus,
773 2634 811 2699 ut
833 2630 964 2718 qnidam
986 2631 1032 2698 le·

22 2724 104 2805 runt,
127 2721 213 2807 apud
231 2717 410 2789 Seleuciam
428 2720 574 2788 Isauriae
591 2720 704 2788 urbem
726 2721 888 2806 profluuio
906 2721 1031 2789 uentris
1081 2795 1083 2800 ,

1 2808 180 2877 extinotne
202 2812 261 2876 aet
1104 2853 1105 2856 =

85 2897 181 2966 Anno
203 2898 245 2965 ab
268 2897 347 2967 urbe
370 2896 502 2966 condita
523 2911 713 2966 uccfflvn
735 2893 933 2984 Hadrianus,
955 2917 1031 2964 oon·
1047 2909 1085 2968 lt

21 2986 170 3056 sobrinae
191 2985 325 3057 Traiani
347 2987 450 3074 filiun,
472 2985 679 3055 duodammua
701 2985 744 3053 ab
767 2984 919 3074 Augusto
943 2987 1031 3074 prin·

21 3074 160 3163 oipatnm
183 3078 329 3165 adeptae,
350 3100 418 3146 uno
440 3082 474 3144 et
494 3075 614 3165 uiginti
637 3075 732 3144 annia
754 3073 955 3182 imperauit·
977 3074 1066 3148 hier

1 3164 1031 3350 innumerarumuetula

21 3332 175 3406 Serenm
203 3339 360 3407 Granium
388 3341 535 3427 legatum
562 3339 655 3406 iibria
681 3340 720 3407 de
811 3339 819 3356 ⁸
855 3339 931 3406 ‘ana
956 3337 1031 3405 reli·

22 3421 115 3507 piore
141 3427 319 3513 oonpoaitia
346 3428 525 3496 instruetur
553 3431 652 3515 atque
678 3426 837 3514 eruditus,
865 3425 1030 3515 praerupit
