2746 3872
306 121 503 174 numeru
520 119 687 175 eremos
703 121 732 174 11
751 124 865 176 ιι-ιι,
1051 119 1093 186 51
1241 173 1246 184 ,

81 269 215 356 egentes
233 263 490 334 insolentissimo
508 263 595 332 festu
608 263 758 352 plurime,
776 261 838 352 dis,
855 284 920 352 quo
934 260 1095 352 deponere

80 356 293 443 magistratus
315 376 388 423 mos
410 359 490 441 ersi,
511 376 586 423 eum
608 353 711 423 isdem
728 353 914 443 insignibus
931 376 1096 442 proeesse·

79 451 166 513 runt.
210 443 385 511 meximum
411 445 511 512 etism
533 443 635 531 Appii
657 442 786 511 Olsudii
808 443 910 513 libido
932 444 1025 512 suxit
1045 445 1094 512 in·
1112 455 1130 508 ι

79 533 212 620 uidism,
230 532 286 621 qui
300 537 338 600 ut
351 531 529 621 Verginiae
543 531 665 623 uirgini
680 536 828 619 stuprum
841 531 986 618 inferret,
1026 533 1094 602 rius

53 623 248 692 sseruitutis
275 643 407 690 oeussm
431 621 560 708 intulit3
588 621 798 711 quemobrem
821 621 956 691 adsutus
1010 623 1093 712 ergi-

78 714 151 782 nius
179 717 273 801 peter
297 711 410 780 dolore
436 711 598 780 libertstis
626 716 660 781 et
686 711 810 800 pudore
833 710 998 781 dedeooris
1019 733 1094 802 pro-

78 808 216 872 truotsm
239 801 282 871 sd
304 802 494 871 seruitutem
516 801 619 870 illium
640 801 676 870 in
693 805 868 890 eonspestu
886 801 1001 891 populi
1018 803 1093 890 pius

77 893 240 982 parricide
268 893 457 980 prostrauit
507 915 572 998 qus
599 892 739 981 populus
770 892 973 961 necessitutir
1006 897 1127 961 stro-r

25 1003 65 1046 ιιι
77 985 178 1052 oitste
197 982 377 1071 >pomona
400 986 434 1051 et
455 983 600 1072 perroulo
622 982 783 1050 libertatis
801 981 987 1052 admonitus
1005 1004 1095 1051 mon·

38 1093 65 1136 ιι
77 1078 143 1142 tem
158 1073 357 1142 Auentinum
371 1073 544 1161 ooeupsuit
556 1076 710 1142 mmetue.
737 1093 797 1140 nee
811 1073 897 1140 tueri
909 1073 1094 1141 libertatem

78 1162 177 1230 erinis
199 1161 340 1248 destitit,
361 1161 425 1230 nisi
448 1166 622 1249 postquem
645 1183 680 1228 se
702 1161 946 1230 eoniumtorum
968 1163 1095 1249 oonspi·

77 1253 160 1318 rstio
183 1251 263 1337 ipsis
284 1271 412 1338 quoqne
434 1250 614 1318 honoribus
636 1249 809 1318 sbdiosnit

142 1338 253 1408 Tertia
278 1343 313 1406 et
339 1339 454 1427 quintu
479 1344 557 1426 post
583 1339 792 1406 oenmsimem
819 1337 1007 1426 olympiade
1033 1347 1127 1426 pers

75 1433 182 1497 totum
204 1427 271 1497 iere
294 1449 417 1496 annum
439 1432 509 1495 turn
529 1427 636 1496 orebri
652 1431 784 1516 tumque
802 1427 903 1495 etism
920 1448 1039 1517 gruum
1057 1428 1093 1496 in

21 1516 172 1593 vultulis
198 1521 305 1584 terres
332 1519 442 1585 motus
465 1515 611 1600 fuerunt,
637 1521 675 1583 ut
696 1517 736 1583 de
757 1517 937 1583 innumeris
981 1539 1092 1584 usses·

72 1603 218 1672 tionibus
254 1625 293 1672 ee
327 1604 432 1670 ruinis
466 1604 619 1671 uillarum
658 1604 914 1690 oppidorumque
1008 1604 1092 1671 'duis

72 1691 177 1759 Rome
203 1691 328 1760 nuntiis
357 1691 567 1781 latigaretur,
593 1691 709 1759 deinde
731 1691 781 1760 its
802 1691 889 1779 iugis
912 1697 947 1759 et
967 1693 1126 1760 torridus
1204 1761 1207 1768 ,

72 1781 202 1848 sisoitss
229 1779 305 1866 fuit,
332 1785 371 1847 nt
396 1781 579 1868 pressentis
607 1784 687 1848 tuno
710 1779 876 1867 futurique
898 1779 976 1848 suni
998 1801 1091 1868 spem

71 1867 245 1958 gignendis
275 1875 381 1937 terrae
407 1869 568 1938 fructibus
596 1869 783 1975 sbnegsrit,
814 1868 982 1957 isdemque
1008 1874 1090 1938 tem·
1109 1879 1144 1933 rs
1279 1906 1283 1918 ·

19 1974 59 2018 ιιι
72 1959 207 2045 poribus
230 1980 304 2027 oum
322 1957 496 2028 Fidenates
518 1959 632 2028 hostes
649 1980 867 2028 merumorum
886 1955 1090 2028 l{surriliorum

30 2065 56 2107 ιι
70 2069 171 2117 menn
194 2047 335 2135 stipante
357 2047 524 2117 terribiles
541 2047 698 2118 Romanis
721 2048 851 2116 sreibm
871 2048 1089 2138 imminerent,
1158 2063 1160 2068 '
1304 2138 1308 2148 ¹

6 2143 10 2154 '
69 2137 230 2206 Aemilius
257 2138 392 2205 tertium
419 2137 559 2206 diomtor
586 2157 741 2226 magnum
763 2139 842 2206 mrli
865 2138 985 2207 molem
1006 2138 1089 2227 ipsis

70 2224 201 2295 Fidenis
228 2225 285 2294 nix
311 2226 416 2314 osptis
447 2226 573 2316 depulit
594 2232 628 2296 et
649 2227 789 2296 sensuit
833 2232 927 2295 unte
948 2227 984 2303 in
1006 2227 1088 2316 ipsis
1107 2239 1140 2294 ιι
1283 2241 1287 2249 ·

70 2320 142 2382 eret
163 2315 323 2383 mulorum
346 2315 592 2405 animorumque
610 2316 788 2402 eontentio,
810 2320 849 2383 ut
866 2317 920 2384 uel
937 2315 1089 2385 domesti-

30 2418 57 2462 ιι
70 2424 124 2471 oss
148 2403 255 2472 oledee
277 2403 449 2489 euporiuse
471 2405 653 2509 iorinsoons
675 2403 764 2473 belle
786 2404 1015 2508 oblittersrent
1034 2405 1088 2473 uel

68 2495 146 2579 poet
163 2491 284 2561 dumne
302 2491 463 2561 bellorum
481 2493 625 2562 indutus
642 2493 804 2562 ιοΙιιαιαι
815 2493 965 2599 diuersus
978 2497 1087 2582 pestes

68 2581 160 2649 oselo
189 2587 340 2670 terreque
367 2581 635 2653 mesudesoentes
663 2581 850 2652 moeessbrli
876 2583 1087 2652 infestetiom

27 2677 1084 2954 werinmundi
1099 2767 1139 2828 ¹⁴
1287 2785 1295 2922 2

67 2936 1084 3131 eeuzfssursssuubusuueueu

64 3111 969 3305 rettulitretiulit&
988 3135 1116 3270 eu.

23 3299 53 3344 ιι
66 3285 227 3388 melorum
248 3299 314 3356 ιιιιι
331 3309 423 3357 nuno
444 3294 559 3375 nesort,
580 3289 692 3394 immo,
712 3291 752 3355 ut
774 3287 956 3394 emdentpns
1002 3289 1082 3395 “usn

65 3378 180 3442 srtstes
196 3378 381 3462 temporum
398 3377 613 3463 deelsrentur,
630 3379 716 3446 most
728 3380 827 3445 entes
839 3377 894 3446 uel
906 3379 1081 3446 intestinos

64 3459 118 3528 uel
145 3467 294 3533 externos
320 3466 480 3534 tumultus
507 3487 662 3554 perperos
687 3469 740 3533 est
765 3466 986 3604 interemunt
1008 3465 1082 3536 sols

878 3576 898 3627 4
