<?xml version="1.0" encoding="UTF-8"?>
<!DOCTYPE html PUBLIC "-//W3C//DTD XHTML 1.0 Transitional//EN"
    "http://www.w3.org/TR/xhtml1/DTD/xhtml1-transitional.dtd">
<html xmlns="http://www.w3.org/1999/xhtml" xml:lang="en" lang="en">
 <head>
  <title>
</title>
<meta http-equiv="Content-Type" content="text/html;charset=utf-8" />
  <meta name='ocr-system' content='tesseract 3.04.00' />
  <meta name='ocr-capabilities' content='ocr_page ocr_carea ocr_par ocr_line ocrx_word'/>
</head>
<body>
  <div class='ocr_page' id='page_1' title='image "./pavliorosiihist01orosgoog_0119.png"; bbox 0 0 2800 3790; ppageno 0'>
   <div class='ocr_carea' id='block_1_1' title="bbox 365 143 1156 214">
    <p class='ocr_par' dir='ltr' id='par_1_1' title="bbox 365 143 1156 214">
     <span class='ocr_line' id='line_1_1' title="bbox 365 143 1156 214; baseline -0.004 -9"><span class='ocrx_word' id='word_1_1' title='bbox 365 149 560 205; x_wconf 59' lang='grc' dir='ltr'><strong>ΑΠΗΝΗ</strong></span> <span class='ocrx_word' id='word_1_2' title='bbox 578 148 744 203; x_wconf 69' lang='grc' dir='ltr'><strong>ΡΑΘΔΝΟΒ</strong></span> <span class='ocrx_word' id='word_1_3' title='bbox 761 149 804 202; x_wconf 91' lang='lat'><strong>111</strong></span> <span class='ocrx_word' id='word_1_4' title='bbox 821 151 937 204; x_wconf 75' lang='lat'>20-21.</span> <span class='ocrx_word' id='word_1_5' title='bbox 1112 143 1156 214; x_wconf 82' lang='grc'><strong>89</strong></span> 
     </span>
    </p>
   </div>
   <div class='ocr_carea' id='block_1_2' title="bbox 57 290 1232 1971">
    <p class='ocr_par' dir='ltr' id='par_1_2' title="bbox 57 290 1232 1971">
     <span class='ocr_line' id='line_1_2' title="bbox 146 290 1156 378; baseline -0.001 -18"><span class='ocrx_word' id='word_1_6' title='bbox 146 295 185 361; x_wconf 85' lang='lat' dir='ltr'><strong>de</strong></span> <span class='ocrx_word' id='word_1_7' title='bbox 204 293 390 361; x_wconf 71' lang='lat' dir='ltr'><strong>Alexandro</strong></span> <span class='ocrx_word' id='word_1_8' title='bbox 413 291 595 378; x_wconf 86' lang='lat' dir='ltr'><strong>uidebstur,</strong></span> <span class='ocrx_word' id='word_1_9' title='bbox 616 292 763 378; x_wconf 67' lang='lat' dir='ltr'><strong>talesque</strong></span> <span class='ocrx_word' id='word_1_10' title='bbox 784 296 819 360; x_wconf 91' lang='lat' dir='ltr'><strong>st</strong></span> <span class='ocrx_word' id='word_1_11' title='bbox 836 291 977 358; x_wconf 71' lang='lat' dir='ltr'><strong>Romani</strong></span> <span class='ocrx_word' id='word_1_12' title='bbox 999 290 1073 358; x_wconf 87' lang='lat' dir='ltr'><strong>eliis</strong></span> <span class='ocrx_word' id='word_1_13' title='bbox 1094 291 1156 360; x_wconf 91' lang='lat' dir='ltr'><strong>uisi</strong></span> 
     </span>
     <span class='ocr_line' id='line_1_3' title="bbox 57 379 1156 470; baseline -0.004 -18"><span class='ocrx_word' id='word_1_14' title='bbox 57 409 81 452; x_wconf 75' lang='lat' dir='ltr'><strong>s</strong></span> <span class='ocrx_word' id='word_1_15' title='bbox 94 397 134 441; x_wconf 62' lang='grc' dir='ltr'><strong>Μ</strong></span> <span class='ocrx_word' id='word_1_16' title='bbox 149 381 246 468; x_wconf 70' lang='lat' dir='ltr'><strong>tunt,</strong></span> <span class='ocrx_word' id='word_1_17' title='bbox 272 382 349 449; x_wconf 85' lang='lat' dir='ltr'><strong>dum</strong></span> <span class='ocrx_word' id='word_1_18' title='bbox 371 381 468 449; x_wconf 86' lang='lat' dir='ltr'><strong>bellis</strong></span> <span class='ocrx_word' id='word_1_19' title='bbox 489 380 623 470; x_wconf 76' lang='lat' dir='ltr'><strong>ignotos</strong></span> <span class='ocrx_word' id='word_1_20' title='bbox 645 380 836 468; x_wconf 70' lang='lat' dir='ltr'><strong>quietosque</strong></span> <span class='ocrx_word' id='word_1_21' title='bbox 857 379 1053 466; x_wconf 81' lang='lat' dir='ltr'><strong>petiuerunt</strong></span> <span class='ocrx_word' id='word_1_22' title='bbox 1099 379 1156 448; x_wconf 85' lang='lat' dir='ltr'><strong>sed</strong></span> 
     </span>
     <span class='ocr_line' id='line_1_4' title="bbox 145 467 1158 556; baseline -0.003 -18"><span class='ocrx_word' id='word_1_23' title='bbox 145 471 194 539; x_wconf 89' lang='lat' dir='ltr'><strong>illi</strong></span> <span class='ocrx_word' id='word_1_24' title='bbox 222 469 392 556; x_wconf 72' lang='lat' dir='ltr'><strong>adquirere</strong></span> <span class='ocrx_word' id='word_1_25' title='bbox 419 490 534 555; x_wconf 80' lang='lat' dir='ltr'><strong>regne,</strong></span> <span class='ocrx_word' id='word_1_26' title='bbox 561 467 619 536; x_wconf 90' lang='lat' dir='ltr'><strong>isti</strong></span> <span class='ocrx_word' id='word_1_27' title='bbox 646 471 791 536; x_wconf 89' lang='lat' dir='ltr'><strong>euertere</strong></span> <span class='ocrx_word' id='word_1_28' title='bbox 819 469 960 536; x_wconf 79' lang='lat' dir='ltr'><strong>student</strong></span> <span class='ocrx_word' id='word_1_29' title='bbox 1005 473 1158 553; x_wconf 70' lang='lat' dir='ltr'><strong>separese</strong></span> 
     </span>
     <span class='ocr_line' id='line_1_5' title="bbox 146 554 1210 643; baseline -0.008 -17"><span class='ocrx_word' id='word_1_30' title='bbox 146 562 224 626; x_wconf 86' lang='lat' dir='ltr'><strong>sunt</strong></span> <span class='ocrx_word' id='word_1_31' title='bbox 252 557 357 625; x_wconf 84' lang='lat' dir='ltr'><strong>hostis</strong></span> <span class='ocrx_word' id='word_1_32' title='bbox 389 556 514 624; x_wconf 85' lang='lat' dir='ltr'><strong>eroidie</strong></span> <span class='ocrx_word' id='word_1_33' title='bbox 542 562 577 624; x_wconf 86' lang='lat' dir='ltr'><strong>et</strong></span> <span class='ocrx_word' id='word_1_34' title='bbox 602 554 723 623; x_wconf 80' lang='lat' dir='ltr'><strong>iudicis</strong></span> <span class='ocrx_word' id='word_1_35' title='bbox 749 555 893 623; x_wconf 82' lang='lat' dir='ltr'><strong>uictoris.</strong></span> <span class='ocrx_word' id='word_1_36' title='bbox 938 556 1097 643; x_wconf 84' lang='lat' dir='ltr'><strong>siquidem</strong></span> <span class='ocrx_word' id='word_1_37' title='bbox 1124 560 1158 624; x_wconf 94' lang='lat' dir='ltr'><strong>et</strong></span> <span class='ocrx_word' id='word_1_38' title='bbox 1177 567 1210 618; x_wconf 80' lang='lat' dir='ltr'><strong>rs</strong></span> 
     </span>
     <span class='ocr_line' id='line_1_6' title="bbox 120 643 1158 748; baseline -0.005 -33"><span class='ocrx_word' id='word_1_39' title='bbox 120 647 196 715; x_wconf 71' lang='lat' dir='ltr'><strong>silli</strong></span> <span class='ocrx_word' id='word_1_40' title='bbox 218 645 309 733; x_wconf 89' lang='lat' dir='ltr'><strong>prius</strong></span> <span class='ocrx_word' id='word_1_41' title='bbox 331 667 387 713; x_wconf 90' lang='lat' dir='ltr'><strong>eos</strong></span> <span class='ocrx_word' id='word_1_42' title='bbox 409 644 504 712; x_wconf 85' lang='lat' dir='ltr'><strong>bellis</strong></span> <span class='ocrx_word' id='word_1_43' title='bbox 526 643 729 730; x_wconf 77' lang='lat' dir='ltr'><strong>edflirerunt,</strong></span> <span class='ocrx_word' id='word_1_44' title='bbox 751 665 832 748; x_wconf 87' lang='lat' dir='ltr'><strong>quos</strong></span> <span class='ocrx_word' id='word_1_45' title='bbox 855 647 971 730; x_wconf 86' lang='lat' dir='ltr'><strong>postes</strong></span> <span class='ocrx_word' id='word_1_46' title='bbox 992 643 1061 710; x_wconf 88' lang='lat' dir='ltr'><strong>suis</strong></span> <span class='ocrx_word' id='word_1_47' title='bbox 1079 643 1158 733; x_wconf 74' lang='lat' dir='ltr'><strong>legi</strong></span> 
     </span>
     <span class='ocr_line' id='line_1_7' title="bbox 147 731 1157 834; baseline -0.004 -32"><span class='ocrx_word' id='word_1_48' title='bbox 147 735 208 802; x_wconf 89' lang='lat' dir='ltr'><strong>bus</strong></span> <span class='ocrx_word' id='word_1_49' title='bbox 230 733 437 801; x_wconf 69' lang='lat' dir='ltr'><strong>ordinarunt:</strong></span> <span class='ocrx_word' id='word_1_50' title='bbox 460 738 494 800; x_wconf 88' lang='lat' dir='ltr'><strong>et</strong></span> <span class='ocrx_word' id='word_1_51' title='bbox 514 731 550 800; x_wconf 89' lang='lat' dir='ltr'><strong>hi</strong></span> <span class='ocrx_word' id='word_1_52' title='bbox 571 753 658 799; x_wconf 88' lang='lat' dir='ltr'><strong>nune</strong></span> <span class='ocrx_word' id='word_1_53' title='bbox 679 732 845 798; x_wconf 76' lang='lat' dir='ltr'><strong>hostiliter</strong></span> <span class='ocrx_word' id='word_1_54' title='bbox 861 733 997 798; x_wconf 76' lang='lat' dir='ltr'><strong>turbent</strong></span> <span class='ocrx_word' id='word_1_55' title='bbox 1013 753 1097 834; x_wconf 85' lang='lat' dir='ltr'><strong>quus</strong></span> <span class='ocrx_word' id='word_1_56' title='bbox 1114 767 1157 782; x_wconf 97' lang='lat'>-</span> 
     </span>
     <span class='ocr_line' id='line_1_8' title="bbox 146 817 1159 908; baseline -0.003 -19"><span class='ocrx_word' id='word_1_57' title='bbox 146 821 181 889; x_wconf 89' lang='lat' dir='ltr'><strong>iu</strong></span> <span class='ocrx_word' id='word_1_58' title='bbox 205 842 270 908; x_wconf 92' lang='lat' dir='ltr'><strong>quo</strong></span> <span class='ocrx_word' id='word_1_59' title='bbox 291 840 358 887; x_wconf 87' lang='lat' dir='ltr'><strong>non</strong></span> <span class='ocrx_word' id='word_1_60' title='bbox 380 819 566 907; x_wconf 85' lang='lat' dir='ltr'><strong>permiserit</strong></span> <span class='ocrx_word' id='word_1_61' title='bbox 583 817 672 886; x_wconf 89' lang='lat' dir='ltr'><strong>Deus</strong></span> <span class='ocrx_word' id='word_1_62' title='bbox 690 853 733 868; x_wconf 90' lang='lat'><strong>·-</strong></span> <span class='ocrx_word' id='word_1_63' title='bbox 752 819 780 885; x_wconf 89' lang='lat' dir='ltr'><strong>si</strong></span> <span class='ocrx_word' id='word_1_64' title='bbox 802 819 947 887; x_wconf 66' lang='lat' dir='ltr'><strong>edomito</strong></span> <span class='ocrx_word' id='word_1_65' title='bbox 966 819 1159 904; x_wconf 74' lang='lat' dir='ltr'><strong>obtinerent,</strong></span> 
     </span>
     <span class='ocr_line' id='line_1_9' title="bbox 146 907 1158 996; baseline -0.002 -20"><span class='ocrx_word' id='word_1_66' title='bbox 146 909 213 978; x_wconf 86' lang='lat' dir='ltr'><strong>rite</strong></span> <span class='ocrx_word' id='word_1_67' title='bbox 236 931 294 977; x_wconf 89' lang='lat' dir='ltr'><strong>suo</strong></span> <span class='ocrx_word' id='word_1_68' title='bbox 318 929 501 995; x_wconf 86' lang='lat' dir='ltr'><strong>oonponsre</strong></span> <span class='ocrx_word' id='word_1_69' title='bbox 522 907 722 993; x_wconf 76' lang='lat' dir='ltr'><strong>molirentur,</strong></span> <span class='ocrx_word' id='word_1_70' title='bbox 744 907 870 976; x_wconf 79' lang='lat' dir='ltr'><strong>dicendi</strong></span> <span class='ocrx_word' id='word_1_71' title='bbox 887 907 1028 994; x_wconf 84' lang='lat' dir='ltr'><strong>posteris</strong></span> <span class='ocrx_word' id='word_1_72' title='bbox 1046 908 1158 996; x_wconf 80' lang='lat' dir='ltr'><strong>msgni</strong></span> 
     </span>
     <span class='ocr_line' id='line_1_10' title="bbox 146 995 1159 1086; baseline -0.001 -21"><span class='ocrx_word' id='word_1_73' title='bbox 146 1019 255 1086; x_wconf 80' lang='lat' dir='ltr'><strong>reges,</strong></span> <span class='ocrx_word' id='word_1_74' title='bbox 282 997 338 1086; x_wconf 90' lang='lat' dir='ltr'><strong>qui</strong></span> <span class='ocrx_word' id='word_1_75' title='bbox 360 1019 446 1065; x_wconf 88' lang='lat' dir='ltr'><strong>nune</strong></span> <span class='ocrx_word' id='word_1_76' title='bbox 468 997 564 1065; x_wconf 90' lang='lat' dir='ltr'><strong>nobis</strong></span> <span class='ocrx_word' id='word_1_77' title='bbox 587 996 769 1064; x_wconf 84' lang='lat' dir='ltr'><strong>sseuissimi</strong></span> <span class='ocrx_word' id='word_1_78' title='bbox 790 996 902 1064; x_wconf 87' lang='lat' dir='ltr'><strong>hostes</strong></span> <span class='ocrx_word' id='word_1_79' title='bbox 925 995 1159 1064; x_wconf 80' lang='lat' dir='ltr'><strong>sdiudioentur.</strong></span> 
     </span>
     <span class='ocr_line' id='line_1_11' title="bbox 107 1085 1212 1175; baseline 0 -27"><span class='ocrx_word' id='word_1_80' title='bbox 107 1106 134 1148; x_wconf 81' lang='lat' dir='ltr'><strong>ru</strong></span> <span class='ocrx_word' id='word_1_81' title='bbox 147 1087 293 1175; x_wconf 85' lang='lat' dir='ltr'><strong>quolibet</strong></span> <span class='ocrx_word' id='word_1_82' title='bbox 315 1086 396 1155; x_wconf 84' lang='lat' dir='ltr'><strong>heeo</strong></span> <span class='ocrx_word' id='word_1_83' title='bbox 418 1091 513 1174; x_wconf 80' lang='lat' dir='ltr'><strong>gestu</strong></span> <span class='ocrx_word' id='word_1_84' title='bbox 534 1085 616 1154; x_wconf 80' lang='lat' dir='ltr'><strong>tulis</strong></span> <span class='ocrx_word' id='word_1_85' title='bbox 635 1085 996 1172; x_wconf 62' lang='lat' dir='ltr'><strong>nominaremur,</strong></span> <span class='ocrx_word' id='word_1_86' title='bbox 1022 1085 1086 1154; x_wconf 89' lang='lat' dir='ltr'><strong>hoe</strong></span> <span class='ocrx_word' id='word_1_87' title='bbox 1108 1091 1159 1153; x_wconf 86' lang='lat' dir='ltr'><strong>est</strong></span> <span class='ocrx_word' id='word_1_88' title='bbox 1177 1095 1212 1148; x_wconf 82' lang='lat' dir='ltr'><strong>rs</strong></span> 
     </span>
     <span class='ocr_line' id='line_1_12' title="bbox 148 1173 1159 1262; baseline 0 -20"><span class='ocrx_word' id='word_1_89' title='bbox 148 1177 217 1242; x_wconf 90' lang='lat' dir='ltr'><strong>siue</strong></span> <span class='ocrx_word' id='word_1_90' title='bbox 246 1174 396 1242; x_wconf 76' lang='lat' dir='ltr'><strong>dieantur</strong></span> <span class='ocrx_word' id='word_1_91' title='bbox 424 1175 574 1243; x_wconf 77' lang='lat' dir='ltr'><strong>miseriae</strong></span> <span class='ocrx_word' id='word_1_92' title='bbox 603 1174 673 1241; x_wconf 88' lang='lat' dir='ltr'><strong>siue</strong></span> <span class='ocrx_word' id='word_1_93' title='bbox 699 1174 852 1260; x_wconf 74' lang='lat' dir='ltr'><strong>uirtutes,</strong></span> <span class='ocrx_word' id='word_1_94' title='bbox 880 1178 1019 1262; x_wconf 78' lang='lat' dir='ltr'><strong>utreque</strong></span> <span class='ocrx_word' id='word_1_95' title='bbox 1046 1173 1159 1261; x_wconf 85' lang='lat' dir='ltr'><strong>priori·</strong></span> 
     </span>
     <span class='ocr_line' id='line_1_13' title="bbox 147 1261 1232 1349; baseline -0.002 -19"><span class='ocrx_word' id='word_1_96' title='bbox 147 1263 208 1331; x_wconf 92' lang='lat' dir='ltr'><strong>bus</strong></span> <span class='ocrx_word' id='word_1_97' title='bbox 240 1269 419 1348; x_wconf 85' lang='lat' dir='ltr'><strong>oonpesste</strong></span> <span class='ocrx_word' id='word_1_98' title='bbox 448 1261 483 1331; x_wconf 93' lang='lat' dir='ltr'><strong>iu</strong></span> <span class='ocrx_word' id='word_1_99' title='bbox 514 1263 577 1331; x_wconf 88' lang='lat' dir='ltr'><strong>boe</strong></span> <span class='ocrx_word' id='word_1_100' title='bbox 607 1266 756 1349; x_wconf 86' lang='lat' dir='ltr'><strong>tempore</strong></span> <span class='ocrx_word' id='word_1_101' title='bbox 785 1263 915 1330; x_wconf 84' lang='lat' dir='ltr'><strong>minore</strong></span> <span class='ocrx_word' id='word_1_102' title='bbox 941 1265 1033 1347; x_wconf 86' lang='lat' dir='ltr'><strong>eunt,</strong></span> <span class='ocrx_word' id='word_1_103' title='bbox 1064 1265 1160 1348; x_wconf 85' lang='lat' dir='ltr'><strong>etque</strong></span> <span class='ocrx_word' id='word_1_104' title='bbox 1229 1277 1232 1284; x_wconf 79' lang='grc'>’</span> 
     </span>
     <span class='ocr_line' id='line_1_14' title="bbox 146 1349 1162 1438; baseline 0 -20"><span class='ocrx_word' id='word_1_105' title='bbox 146 1351 196 1418; x_wconf 83' lang='lat' dir='ltr'><strong>ite</strong></span> <span class='ocrx_word' id='word_1_106' title='bbox 228 1357 363 1438; x_wconf 85' lang='lat' dir='ltr'><strong>utroque</strong></span> <span class='ocrx_word' id='word_1_107' title='bbox 394 1373 455 1438; x_wconf 88' lang='lat' dir='ltr'><strong>pro</strong></span> <span class='ocrx_word' id='word_1_108' title='bbox 485 1350 582 1418; x_wconf 86' lang='lat' dir='ltr'><strong>nobis</strong></span> <span class='ocrx_word' id='word_1_109' title='bbox 613 1349 740 1418; x_wconf 84' lang='lat' dir='ltr'><strong>ieeiunt</strong></span> <span class='ocrx_word' id='word_1_110' title='bbox 767 1351 803 1418; x_wconf 90' lang='lat' dir='ltr'><strong>in</strong></span> <span class='ocrx_word' id='word_1_111' title='bbox 829 1350 1060 1438; x_wconf 80' lang='lat' dir='ltr'><strong>eonpsretione</strong></span> <span class='ocrx_word' id='word_1_112' title='bbox 1086 1349 1162 1418; x_wconf 79' lang='lat' dir='ltr'><strong>Ale·</strong></span> 
     </span>
     <span class='ocr_line' id='line_1_15' title="bbox 145 1437 1161 1528; baseline -0.002 -19"><span class='ocrx_word' id='word_1_113' title='bbox 145 1438 261 1509; x_wconf 85' lang='lat' dir='ltr'><strong>xendri</strong></span> <span class='ocrx_word' id='word_1_114' title='bbox 289 1445 386 1528; x_wconf 80' lang='lat' dir='ltr'><strong>etque</strong></span> <span class='ocrx_word' id='word_1_115' title='bbox 412 1439 599 1509; x_wconf 74' lang='lat' dir='ltr'><strong>Persarum:</strong></span> <span class='ocrx_word' id='word_1_116' title='bbox 626 1439 655 1507; x_wconf 88' lang='lat' dir='ltr'><strong>ei</strong></span> <span class='ocrx_word' id='word_1_117' title='bbox 682 1440 787 1509; x_wconf 86' lang='lat' dir='ltr'><strong>uirtus</strong></span> <span class='ocrx_word' id='word_1_118' title='bbox 814 1461 900 1508; x_wconf 90' lang='lat' dir='ltr'><strong>nuno</strong></span> <span class='ocrx_word' id='word_1_119' title='bbox 927 1437 1075 1509; x_wconf 78' lang='lat' dir='ltr'><strong>roomds</strong></span> <span class='ocrx_word' id='word_1_120' title='bbox 1102 1445 1161 1528; x_wconf 67' lang='lat' dir='ltr'><strong>est,</strong></span> 
     </span>
     <span class='ocr_line' id='line_1_16' title="bbox 107 1529 1160 1620; baseline 0.004 -24"><span class='ocrx_word' id='word_1_121' title='bbox 107 1550 133 1593; x_wconf 82' lang='lat' dir='ltr'><strong>rs</strong></span> <span class='ocrx_word' id='word_1_122' title='bbox 146 1531 254 1600; x_wconf 87' lang='lat' dir='ltr'><strong>minor</strong></span> <span class='ocrx_word' id='word_1_123' title='bbox 289 1537 341 1600; x_wconf 86' lang='lat' dir='ltr'><strong>est</strong></span> <span class='ocrx_word' id='word_1_124' title='bbox 374 1529 533 1620; x_wconf 69' lang='lat' dir='ltr'><strong>hostium</strong></span> <span class='ocrx_word' id='word_1_125' title='bbox 569 1531 598 1600; x_wconf 88' lang='lat' dir='ltr'><strong>ei</strong></span> <span class='ocrx_word' id='word_1_126' title='bbox 634 1529 780 1619; x_wconf 83' lang='lat' dir='ltr'><strong>miseris,</strong></span> <span class='ocrx_word' id='word_1_127' title='bbox 814 1529 923 1600; x_wconf 88' lang='lat' dir='ltr'><strong>minor</strong></span> <span class='ocrx_word' id='word_1_128' title='bbox 958 1534 1009 1600; x_wconf 88' lang='lat' dir='ltr'><strong>est</strong></span> <span class='ocrx_word' id='word_1_129' title='bbox 1041 1530 1160 1601; x_wconf 80' lang='lat' dir='ltr'><strong>Rome·</strong></span> 
     </span>
     <span class='ocr_line' id='line_1_17' title="bbox 146 1643 272 1688; baseline -0.008 -1"><span class='ocrx_word' id='word_1_130' title='bbox 146 1643 272 1688; x_wconf 88' lang='lat' dir='ltr'><strong>norum.</strong></span> 
     </span>
     <span class='ocr_line' id='line_1_18' title="bbox 57 1703 1216 1775; baseline -0.006 0"><span class='ocrx_word' id='word_1_131' title='bbox 57 1732 81 1775; x_wconf 75' lang='lat' dir='ltr'><strong>s</strong></span> <span class='ocrx_word' id='word_1_132' title='bbox 94 1725 134 1766; x_wconf 84' lang='lat' dir='ltr'><strong>rss</strong></span> <span class='ocrx_word' id='word_1_133' title='bbox 216 1705 320 1772; x_wconf 78' lang='lat' dir='ltr'><strong>mnne</strong></span> <span class='ocrx_word' id='word_1_134' title='bbox 339 1707 382 1773; x_wconf 85' lang='lat' dir='ltr'><strong>eb</strong></span> <span class='ocrx_word' id='word_1_135' title='bbox 399 1707 480 1772; x_wconf 88' lang='lat' dir='ltr'><strong>urbe</strong></span> <span class='ocrx_word' id='word_1_136' title='bbox 497 1707 628 1773; x_wconf 81' lang='lat' dir='ltr'><strong>condite</strong></span> <span class='ocrx_word' id='word_1_137' title='bbox 647 1723 757 1774; x_wconf 76' lang='lat' dir='ltr'><strong>coece</strong></span> <span class='ocrx_word' id='word_1_138' title='bbox 774 1705 877 1773; x_wconf 75' lang='lat' dir='ltr'><strong>Fabio</strong></span> <span class='ocrx_word' id='word_1_139' title='bbox 896 1703 1040 1773; x_wconf 85' lang='lat' dir='ltr'><strong>Merimo</strong></span> <span class='ocrx_word' id='word_1_140' title='bbox 1057 1705 1160 1772; x_wconf 69' lang='lat' dir='ltr'><strong>une-</strong></span> <span class='ocrx_word' id='word_1_141' title='bbox 1177 1711 1216 1768; x_wconf 78' lang='lat'><strong>81</strong></span> 
     </span>
     <span class='ocr_line' id='line_1_19' title="bbox 148 1791 1161 1882; baseline -0.001 -21"><span class='ocrx_word' id='word_1_142' title='bbox 148 1793 199 1862; x_wconf 89' lang='lat' dir='ltr'><strong>oio</strong></span> <span class='ocrx_word' id='word_1_143' title='bbox 216 1791 310 1860; x_wconf 85' lang='lat' dir='ltr'><strong>Mure</strong></span> <span class='ocrx_word' id='word_1_144' title='bbox 327 1794 381 1861; x_wconf 76' lang='grc' dir='ltr'><strong>ῖῑιῖ</strong></span> <span class='ocrx_word' id='word_1_145' title='bbox 404 1794 594 1861; x_wconf 85' lang='lat' dir='ltr'><strong>oonsulibus</strong></span> <span class='ocrx_word' id='word_1_146' title='bbox 612 1797 767 1882; x_wconf 76' lang='lat' dir='ltr'><strong>quattuor</strong></span> <span class='ocrx_word' id='word_1_147' title='bbox 783 1793 954 1860; x_wconf 81' lang='lat' dir='ltr'><strong>fortissimi</strong></span> <span class='ocrx_word' id='word_1_148' title='bbox 972 1793 1161 1862; x_wconf 85' lang='lat' dir='ltr'><strong>florentissi-</strong></span> 
     </span>
     <span class='ocr_line' id='line_1_20' title="bbox 147 1880 1161 1971; baseline 0 -22"><span class='ocrx_word' id='word_1_149' title='bbox 147 1883 255 1971; x_wconf 87' lang='lat' dir='ltr'><strong>mique</strong></span> <span class='ocrx_word' id='word_1_150' title='bbox 266 1880 380 1950; x_wconf 81' lang='lat' dir='ltr'><strong>Itslies</strong></span> <span class='ocrx_word' id='word_1_151' title='bbox 393 1881 507 1969; x_wconf 85' lang='lat' dir='ltr'><strong>populi</strong></span> <span class='ocrx_word' id='word_1_152' title='bbox 521 1883 556 1948; x_wconf 88' lang='lat' dir='ltr'><strong>in</strong></span> <span class='ocrx_word' id='word_1_153' title='bbox 569 1904 668 1950; x_wconf 89' lang='lat' dir='ltr'><strong>unum</strong></span> <span class='ocrx_word' id='word_1_154' title='bbox 683 1903 801 1970; x_wconf 72' lang='lat' dir='ltr'><strong>agmen</strong></span> <span class='ocrx_word' id='word_1_155' title='bbox 814 1881 991 1968; x_wconf 84' lang='lat' dir='ltr'><strong>foedusque</strong></span> <span class='ocrx_word' id='word_1_156' title='bbox 1005 1882 1161 1950; x_wconf 78' lang='lat' dir='ltr'><strong>coierunt</strong></span> 
     </span>
    </p>
   </div>
   <div class='ocr_carea' id='block_1_3' title="bbox 108 1968 1198 2519">
    <p class='ocr_par' dir='ltr' id='par_1_3' title="bbox 108 1968 1197 2416">
     <span class='ocr_line' id='line_1_21' title="bbox 108 1968 1161 2059; baseline 0.005 -26"><span class='ocrx_word' id='word_1_157' title='bbox 108 1989 135 2033; x_wconf 86' lang='lat' dir='ltr'><strong>su</strong></span> <span class='ocrx_word' id='word_1_158' title='bbox 149 1992 290 2058; x_wconf 87' lang='lat' dir='ltr'><strong>numque</strong></span> <span class='ocrx_word' id='word_1_159' title='bbox 310 1969 442 2038; x_wconf 72' lang='lat' dir='ltr'><strong>Etrusci</strong></span> <span class='ocrx_word' id='word_1_160' title='bbox 460 1968 577 2038; x_wconf 87' lang='lat' dir='ltr'><strong>Vmbri</strong></span> <span class='ocrx_word' id='word_1_161' title='bbox 596 1969 758 2039; x_wconf 72' lang='lat' dir='ltr'><strong>Samnites</strong></span> <span class='ocrx_word' id='word_1_162' title='bbox 781 1975 815 2037; x_wconf 87' lang='lat' dir='ltr'><strong>et</strong></span> <span class='ocrx_word' id='word_1_163' title='bbox 832 1969 920 2037; x_wconf 83' lang='lat' dir='ltr'><strong>Gelli</strong></span> <span class='ocrx_word' id='word_1_164' title='bbox 942 1991 1007 2038; x_wconf 89' lang='lat' dir='ltr'><strong>uuo</strong></span> <span class='ocrx_word' id='word_1_165' title='bbox 1030 1971 1161 2059; x_wconf 78' lang='lat' dir='ltr'><strong>sgmine</strong></span> 
     </span>
     <span class='ocr_line' id='line_1_22' title="bbox 149 2058 1197 2148; baseline -0.005 -19"><span class='ocrx_word' id='word_1_166' title='bbox 149 2059 373 2148; x_wconf 74' lang='lat' dir='ltr'><strong>conspiranter</strong></span> <span class='ocrx_word' id='word_1_167' title='bbox 395 2058 565 2129; x_wconf 62' lang='lat' dir='ltr'><strong>&amp;munos</strong></span> <span class='ocrx_word' id='word_1_168' title='bbox 587 2059 695 2129; x_wconf 86' lang='lat' dir='ltr'><strong>delere</strong></span> <span class='ocrx_word' id='word_1_169' title='bbox 717 2059 829 2128; x_wconf 86' lang='lat' dir='ltr'><strong>eonsti</strong></span> <span class='ocrx_word' id='word_1_170' title='bbox 852 2064 938 2129; x_wconf 86' lang='lat' dir='ltr'><strong>sunt.</strong></span> <span class='ocrx_word' id='word_1_171' title='bbox 979 2059 1197 2129; x_wconf 81' lang='lat' dir='ltr'><strong>tremsieotis</strong></span> 
     </span>
     <span class='ocr_line' id='line_1_23' title="bbox 149 2148 1163 2218; baseline 0.001 -1"><span class='ocrx_word' id='word_1_172' title='bbox 149 2150 211 2218; x_wconf 88' lang='lat' dir='ltr'><strong>hoo</strong></span> <span class='ocrx_word' id='word_1_173' title='bbox 245 2149 333 2218; x_wconf 85' lang='lat' dir='ltr'><strong>bello</strong></span> <span class='ocrx_word' id='word_1_174' title='bbox 364 2148 587 2217; x_wconf 73' lang='lat' dir='ltr'><strong>Romanorum</strong></span> <span class='ocrx_word' id='word_1_175' title='bbox 618 2149 718 2217; x_wconf 84' lang='lat' dir='ltr'><strong>enimi</strong></span> <span class='ocrx_word' id='word_1_176' title='bbox 751 2156 786 2216; x_wconf 88' lang='lat' dir='ltr'><strong>st</strong></span> <span class='ocrx_word' id='word_1_177' title='bbox 815 2150 1015 2218; x_wconf 81' lang='lat' dir='ltr'><strong>lebeisotste</strong></span> <span class='ocrx_word' id='word_1_178' title='bbox 1045 2149 1163 2218; x_wconf 81' lang='lat' dir='ltr'><strong>fiducie</strong></span> 
     </span>
     <span class='ocr_line' id='line_1_24' title="bbox 150 2238 1162 2324; baseline 0.002 -18"><span class='ocrx_word' id='word_1_179' title='bbox 150 2245 214 2324; x_wconf 86' lang='lat' dir='ltr'><strong>est,</strong></span> <span class='ocrx_word' id='word_1_180' title='bbox 245 2259 305 2307; x_wconf 90' lang='lat' dir='ltr'><strong>neo</strong></span> <span class='ocrx_word' id='word_1_181' title='bbox 338 2239 409 2305; x_wconf 84' lang='lat' dir='ltr'><strong>euri</strong></span> <span class='ocrx_word' id='word_1_182' title='bbox 441 2243 519 2306; x_wconf 88' lang='lat' dir='ltr'><strong>suut</strong></span> <span class='ocrx_word' id='word_1_183' title='bbox 548 2241 655 2306; x_wconf 85' lang='lat' dir='ltr'><strong>totum</strong></span> <span class='ocrx_word' id='word_1_184' title='bbox 687 2259 818 2324; x_wconf 77' lang='lat' dir='ltr'><strong>speruus</strong></span> <span class='ocrx_word' id='word_1_185' title='bbox 850 2238 889 2306; x_wconf 90' lang='lat' dir='ltr'><strong>ds</strong></span> <span class='ocrx_word' id='word_1_186' title='bbox 917 2239 1055 2307; x_wconf 81' lang='lat' dir='ltr'><strong>uiribus:</strong></span> <span class='ocrx_word' id='word_1_187' title='bbox 1086 2239 1162 2308; x_wconf 85' lang='lat' dir='ltr'><strong>dolo</strong></span> 
     </span>
     <span class='ocr_line' id='line_1_25' title="bbox 151 2326 1163 2416; baseline 0.002 -22"><span class='ocrx_word' id='word_1_188' title='bbox 151 2327 290 2394; x_wconf 85' lang='lat' dir='ltr'><strong>diuisere</strong></span> <span class='ocrx_word' id='word_1_189' title='bbox 312 2327 434 2412; x_wconf 85' lang='lat' dir='ltr'><strong>hostes,</strong></span> <span class='ocrx_word' id='word_1_190' title='bbox 455 2328 559 2394; x_wconf 88' lang='lat' dir='ltr'><strong>tutius</strong></span> <span class='ocrx_word' id='word_1_191' title='bbox 581 2327 645 2395; x_wconf 84' lang='lat' dir='ltr'><strong>reti</strong></span> <span class='ocrx_word' id='word_1_192' title='bbox 667 2327 815 2415; x_wconf 85' lang='lat' dir='ltr'><strong>pluribus</strong></span> <span class='ocrx_word' id='word_1_193' title='bbox 838 2349 874 2394; x_wconf 91' lang='lat' dir='ltr'><strong>se</strong></span> <span class='ocrx_word' id='word_1_194' title='bbox 894 2326 989 2396; x_wconf 85' lang='lat' dir='ltr'><strong>bellis</strong></span> <span class='ocrx_word' id='word_1_195' title='bbox 1007 2327 1163 2416; x_wconf 80' lang='lat' dir='ltr'><strong>inpliosre</strong></span> 
     </span>
    </p>

    <p class='ocr_par' dir='ltr' id='par_1_4' title="bbox 110 2415 1198 2519">
     <span class='ocr_line' id='line_1_26' title="bbox 110 2415 1198 2519; baseline 0.002 -39"><span class='ocrx_word' id='word_1_196' title='bbox 110 2435 136 2480; x_wconf 85' lang='lat' dir='ltr'><strong>se</strong></span> <span class='ocrx_word' id='word_1_197' title='bbox 150 2439 250 2505; x_wconf 83' lang='lat' dir='ltr'><strong>quem</strong></span> <span class='ocrx_word' id='word_1_198' title='bbox 276 2417 440 2504; x_wconf 75' lang='lat' dir='ltr'><strong>greuibue.</strong></span> <span class='ocrx_word' id='word_1_199' title='bbox 485 2417 595 2504; x_wconf 71' lang='lat' dir='ltr'><strong>ioque</strong></span> <span class='ocrx_word' id='word_1_200' title='bbox 622 2438 709 2500; x_wconf 88' lang='lat' dir='ltr'><strong>oum,</strong></span> <span class='ocrx_word' id='word_1_201' title='bbox 736 2415 930 2519; x_wconf 83' lang='lat' dir='ltr'><strong>quibusdem</strong></span> <span class='ocrx_word' id='word_1_202' title='bbox 952 2415 1019 2483; x_wconf 86' lang='lat' dir='ltr'><strong>suis</strong></span> <span class='ocrx_word' id='word_1_203' title='bbox 1041 2417 1084 2485; x_wconf 85' lang='lat' dir='ltr'><strong>sd</strong></span> <span class='ocrx_word' id='word_1_204' title='bbox 1106 2429 1198 2506; x_wconf 78' lang='lat' dir='ltr'><strong>pos</strong></span> 
     </span>
    </p>
   </div>
   <div class='ocr_carea' id='block_1_4' title="bbox 53 2503 1199 3575">
    <p class='ocr_par' dir='ltr' id='par_1_5' title="bbox 147 2503 1162 2683">
     <span class='ocr_line' id='line_1_27' title="bbox 149 2503 1162 2595; baseline 0.001 -22"><span class='ocrx_word' id='word_1_205' title='bbox 149 2505 310 2595; x_wconf 76' lang='lat' dir='ltr'><strong>putandos</strong></span> <span class='ocrx_word' id='word_1_206' title='bbox 327 2504 466 2574; x_wconf 74' lang='lat' dir='ltr'><strong>hostiles</strong></span> <span class='ocrx_word' id='word_1_207' title='bbox 546 2526 583 2573; x_wconf 83' lang='lat' dir='ltr'><strong>oe</strong></span> <span class='ocrx_word' id='word_1_208' title='bbox 596 2504 631 2573; x_wconf 89' lang='lat' dir='ltr'><strong>in</strong></span> <span class='ocrx_word' id='word_1_209' title='bbox 644 2503 814 2574; x_wconf 84' lang='lat' dir='ltr'><strong>Vmbnsm</strong></span> <span class='ocrx_word' id='word_1_210' title='bbox 828 2503 1057 2595; x_wconf 77' lang='lat' dir='ltr'><strong>Etrurismque</strong></span> <span class='ocrx_word' id='word_1_211' title='bbox 1071 2527 1162 2595; x_wconf 84' lang='lat' dir='ltr'><strong>prse-</strong></span> 
     </span>
     <span class='ocr_line' id='line_1_28' title="bbox 147 2525 1161 2683; baseline 0.001 -20"><span class='ocrx_word' id='word_1_212' title='bbox 147 2595 267 2683; x_wconf 84' lang='lat' dir='ltr'><strong>miseis,</strong></span> <span class='ocrx_word' id='word_1_213' title='bbox 288 2525 779 2683; x_wconf 59' lang='lat' dir='ltr'><strong>vneromffiruseorumqus</strong></span> <span class='ocrx_word' id='word_1_214' title='bbox 802 2595 980 2664; x_wconf 80' lang='lat' dir='ltr'><strong>exereitum</strong></span> <span class='ocrx_word' id='word_1_215' title='bbox 997 2595 1102 2666; x_wconf 84' lang='lat' dir='ltr'><strong>redire</strong></span> <span class='ocrx_word' id='word_1_216' title='bbox 1120 2596 1161 2666; x_wconf 80' lang='lat' dir='ltr'><strong>sd</strong></span> 
     </span>
    </p>

    <p class='ocr_par' dir='ltr' id='par_1_6' title="bbox 53 2683 1199 3575">
     <span class='ocr_line' id='line_1_29' title="bbox 53 2683 1163 2773; baseline 0.001 -20"><span class='ocrx_word' id='word_1_217' title='bbox 53 2723 54 2732; x_wconf 25' lang='grc' dir='ltr'><strong>κ</strong></span> <span class='ocrx_word' id='word_1_218' title='bbox 148 2685 318 2754; x_wconf 86' lang='lat' dir='ltr'><strong>tuitionem</strong></span> <span class='ocrx_word' id='word_1_219' title='bbox 339 2706 473 2754; x_wconf 86' lang='lat' dir='ltr'><strong>suorum</strong></span> <span class='ocrx_word' id='word_1_220' title='bbox 491 2684 684 2773; x_wconf 77' lang='lat' dir='ltr'><strong>eoegissent,</strong></span> <span class='ocrx_word' id='word_1_221' title='bbox 706 2707 779 2753; x_wconf 89' lang='lat' dir='ltr'><strong>oum</strong></span> <span class='ocrx_word' id='word_1_222' title='bbox 793 2683 994 2754; x_wconf 85' lang='lat' dir='ltr'><strong>Semnitibus</strong></span> <span class='ocrx_word' id='word_1_223' title='bbox 1011 2689 1046 2754; x_wconf 82' lang='lat' dir='ltr'><strong>et</strong></span> <span class='ocrx_word' id='word_1_224' title='bbox 1058 2683 1163 2754; x_wconf 84' lang='lat' dir='ltr'><strong>Gstlis</strong></span> 
     </span>
     <span class='ocr_line' id='line_1_30' title="bbox 53 2773 1199 2864; baseline -0.002 -21"><span class='ocrx_word' id='word_1_225' title='bbox 53 2793 55 2850; x_wconf 69' lang='grc' dir='ltr'>ς</span> <span class='ocrx_word' id='word_1_226' title='bbox 147 2775 270 2844; x_wconf 87' lang='lat' dir='ltr'><strong>bellum</strong></span> <span class='ocrx_word' id='word_1_227' title='bbox 293 2775 376 2843; x_wconf 89' lang='lat' dir='ltr'><strong>inire</strong></span> <span class='ocrx_word' id='word_1_228' title='bbox 398 2779 623 2864; x_wconf 76' lang='lat' dir='ltr'><strong>propersnmt</strong></span> <span class='ocrx_word' id='word_1_229' title='bbox 655 2774 689 2843; x_wconf 91' lang='lat' dir='ltr'><strong>iu</strong></span> <span class='ocrx_word' id='word_1_230' title='bbox 712 2795 776 2863; x_wconf 90' lang='lat' dir='ltr'><strong>quo</strong></span> <span class='ocrx_word' id='word_1_231' title='bbox 799 2773 886 2843; x_wconf 85' lang='lat' dir='ltr'><strong>bello</strong></span> <span class='ocrx_word' id='word_1_232' title='bbox 905 2797 978 2844; x_wconf 89' lang='lat' dir='ltr'><strong>oum</strong></span> <span class='ocrx_word' id='word_1_233' title='bbox 991 2773 1199 2844; x_wconf 76' lang='lat' dir='ltr'><strong>Gullomms</strong></span> 
     </span>
     <span class='ocr_line' id='line_1_31' title="bbox 108 2861 1162 3021; baseline 0.008 -95.554"><span class='ocrx_word' id='word_1_234' title='bbox 108 2883 136 2925; x_wconf 85' lang='lat' dir='ltr'><strong>so</strong></span> <span class='ocrx_word' id='word_1_235' title='bbox 148 2865 272 3020; x_wconf 53' lang='lat' dir='ltr'><strong>W*</strong></span> <span class='ocrx_word' id='word_1_236' title='bbox 289 2861 430 3020; x_wconf 50' lang='lat' dir='ltr'><strong>ithquneni</strong></span> <span class='ocrx_word' id='word_1_237' title='bbox 446 2871 668 3021; x_wconf 42' lang='lat' dir='ltr'><strong>prtqmerentur</strong></span> <span class='ocrx_word' id='word_1_238' title='bbox 685 2862 806 3019; x_wconf 55' lang='lat' dir='ltr'><strong>Dfioius</strong></span> <span class='ocrx_word' id='word_1_239' title='bbox 825 2864 1084 3020; x_wconf 57' lang='lat' dir='ltr'><strong>eonsulmqooisue</strong></span> <span class='ocrx_word' id='word_1_240' title='bbox 1102 2871 1162 2934; x_wconf 83' lang='lat' dir='ltr'><strong>est.</strong></span> 
     </span>
     <span class='ocr_line' id='line_1_32' title="bbox 53 2957 1197 3129; baseline 0 -21"><span class='ocrx_word' id='word_1_241' title='bbox 53 3037 56 3118; x_wconf 62' lang='grc' dir='ltr'>ξ</span> <span class='ocrx_word' id='word_1_242' title='bbox 75 3018 78 3026; x_wconf 48' lang='grc'><strong>’</strong></span> <span class='ocrx_word' id='word_1_243' title='bbox 148 2974 280 3108; x_wconf 62' lang='lat' dir='ltr'><strong>trintiirir</strong></span> <span class='ocrx_word' id='word_1_244' title='bbox 302 2975 403 3111; x_wconf 57' lang='lat' dir='ltr'><strong>eiciet,n</strong></span> <span class='ocrx_word' id='word_1_245' title='bbox 422 2973 947 3129; x_wconf 43' lang='lat' dir='ltr'><strong>gopmqlqgngqnfflqgeirmffia</strong></span> <span class='ocrx_word' id='word_1_246' title='bbox 963 2957 1161 3111; x_wconf 45' lang='lat' dir='ltr'><strong>Sissnhitiiss</strong></span> <span class='ocrx_word' id='word_1_247' title='bbox 1179 3056 1197 3108; x_wconf 83' lang='lat' dir='ltr'><strong>t</strong></span> 
     </span>
     <span class='ocr_line' id='line_1_33' title="bbox 54 3128 1161 3218; baseline 0.003 -22"><span class='ocrx_word' id='word_1_248' title='bbox 54 3147 56 3184; x_wconf 68' lang='grc' dir='ltr'><em>τ</em></span> <span class='ocrx_word' id='word_1_249' title='bbox 148 3129 217 3196; x_wconf 89' lang='lat' dir='ltr'><strong>siue</strong></span> <span class='ocrx_word' id='word_1_250' title='bbox 240 3129 410 3197; x_wconf 72' lang='lat' dir='ltr'><strong>Gallorum</strong></span> <span class='ocrx_word' id='word_1_251' title='bbox 437 3151 544 3218; x_wconf 72' lang='lat' dir='ltr'><strong>erese,</strong></span> <span class='ocrx_word' id='word_1_252' title='bbox 571 3128 793 3199; x_wconf 74' lang='lat' dir='ltr'><strong>Romanorum</strong></span> <span class='ocrx_word' id='word_1_253' title='bbox 820 3151 899 3198; x_wconf 90' lang='lat' dir='ltr'><strong>uero</strong></span> <span class='ocrx_word' id='word_1_254' title='bbox 922 3137 1047 3217; x_wconf 86' lang='lat' dir='ltr'><strong>septem</strong></span> <span class='ocrx_word' id='word_1_255' title='bbox 1069 3131 1161 3200; x_wconf 80' lang='lat' dir='ltr'><strong>milis</strong></span> 
     </span>
     <span class='ocr_line' id='line_1_34' title="bbox 54 3214 1162 3306; baseline 0.005 -23"><span class='ocrx_word' id='word_1_256' title='bbox 54 3225 55 3300; x_wconf 45' lang='lat' dir='ltr'><strong><em>g</em></strong></span> <span class='ocrx_word' id='word_1_257' title='bbox 87 3245 92 3254; x_wconf 90' lang='lat'><strong>·</strong></span> <span class='ocrx_word' id='word_1_258' title='bbox 147 3219 187 3284; x_wconf 67' lang='lat' dir='ltr'><strong>ei</strong></span> <span class='ocrx_word' id='word_1_259' title='bbox 208 3214 302 3287; x_wconf 82' lang='lat' dir='ltr'><strong>Deeii</strong></span> <span class='ocrx_word' id='word_1_260' title='bbox 327 3218 556 3288; x_wconf 70' lang='lat' dir='ltr'><strong>tntummodo</strong></span> <span class='ocrx_word' id='word_1_261' title='bbox 582 3223 674 3306; x_wconf 82' lang='lat' dir='ltr'><strong>perte</strong></span> <span class='ocrx_word' id='word_1_262' title='bbox 702 3221 759 3306; x_wconf 90' lang='lat' dir='ltr'><strong>qui</strong></span> <span class='ocrx_word' id='word_1_263' title='bbox 780 3219 906 3286; x_wconf 87' lang='lat' dir='ltr'><strong>oouisus</strong></span> <span class='ocrx_word' id='word_1_264' title='bbox 929 3222 981 3287; x_wconf 87' lang='lat' dir='ltr'><strong>est</strong></span> <span class='ocrx_word' id='word_1_265' title='bbox 1002 3219 1162 3288; x_wconf 72' lang='lat' dir='ltr'><strong>exstineto</strong></span> 
     </span>
     <span class='ocr_line' id='line_1_35' title="bbox 57 3303 1197 3396; baseline -0.001 -20"><span class='ocrx_word' id='word_1_266' title='bbox 57 3334 81 3376; x_wconf 75' lang='lat' dir='ltr'><strong>s</strong></span> <span class='ocrx_word' id='word_1_267' title='bbox 93 3323 133 3366; x_wconf 74' lang='lat'><strong>1⁸²</strong></span> <span class='ocrx_word' id='word_1_268' title='bbox 147 3305 339 3376; x_wconf 80' lang='lat' dir='ltr'><strong>referuntur.</strong></span> <span class='ocrx_word' id='word_1_269' title='bbox 384 3307 483 3374; x_wconf 80' lang='lat' dir='ltr'><strong>fuisse</strong></span> <span class='ocrx_word' id='word_1_270' title='bbox 505 3313 614 3378; x_wconf 85' lang='lat' dir='ltr'><strong>sutem</strong></span> <span class='ocrx_word' id='word_1_271' title='bbox 637 3308 761 3395; x_wconf 80' lang='lat' dir='ltr'><strong>ubsque</strong></span> <span class='ocrx_word' id='word_1_272' title='bbox 784 3303 940 3376; x_wconf 67' lang='lat' dir='ltr'><strong>*nemeis</strong></span> <span class='ocrx_word' id='word_1_273' title='bbox 961 3312 998 3376; x_wconf 83' lang='lat' dir='ltr'><strong>et</strong></span> <span class='ocrx_word' id='word_1_274' title='bbox 1018 3306 1161 3396; x_wconf 84' lang='lat' dir='ltr'><strong>Vmbris,</strong></span> <span class='ocrx_word' id='word_1_275' title='bbox 1178 3322 1197 3375; x_wconf 83' lang='lat' dir='ltr'><strong>s</strong></span> 
     </span>
     <span class='ocr_line' id='line_1_36' title="bbox 106 3395 1162 3480; baseline 0.004 -18"><span class='ocrx_word' id='word_1_276' title='bbox 106 3411 133 3454; x_wconf 68' lang='grc' dir='ltr'><strong>κ</strong></span> <span class='ocrx_word' id='word_1_277' title='bbox 167 3416 227 3463; x_wconf 88' lang='lat' dir='ltr'><strong>uos</strong></span> <span class='ocrx_word' id='word_1_278' title='bbox 263 3399 338 3464; x_wconf 85' lang='lat' dir='ltr'><strong>estu</strong></span> <span class='ocrx_word' id='word_1_279' title='bbox 369 3395 510 3464; x_wconf 77' lang='lat' dir='ltr'><strong>Eumeni</strong></span> <span class='ocrx_word' id='word_1_280' title='bbox 541 3397 627 3466; x_wconf 88' lang='lat' dir='ltr'><strong>bello</strong></span> <span class='ocrx_word' id='word_1_281' title='bbox 659 3401 891 3480; x_wconf 84' lang='lat' dir='ltr'><strong>suoesuerunt,</strong></span> <span class='ocrx_word' id='word_1_282' title='bbox 926 3395 1095 3464; x_wconf 74' lang='lat' dir='ltr'><strong>(tellurem</strong></span> <span class='ocrx_word' id='word_1_283' title='bbox 1126 3402 1162 3466; x_wconf 82' lang='lat' dir='ltr'><strong>et</strong></span> 
     </span>
     <span class='ocr_line' id='line_1_37' title="bbox 146 3415 1161 3575; baseline 0.004 -22"><span class='ocrx_word' id='word_1_284' title='bbox 146 3415 340 3554; x_wconf 59' lang='lat' dir='ltr'><strong>gemmeum</strong></span> <span class='ocrx_word' id='word_1_285' title='bbox 362 3484 508 3574; x_wconf 84' lang='lat' dir='ltr'><strong>peditum</strong></span> <span class='ocrx_word' id='word_1_286' title='bbox 532 3503 601 3558; x_wconf 82' lang='lat' dir='ltr'><strong>oxu</strong></span> <span class='ocrx_word' id='word_1_287' title='bbox 624 3485 716 3556; x_wconf 79' lang='lat' dir='ltr'><strong>mitis</strong></span> <span class='ocrx_word' id='word_1_288' title='bbox 738 3501 893 3574; x_wconf 85' lang='lat' dir='ltr'><strong>eoem,</strong></span> <span class='ocrx_word' id='word_1_289' title='bbox 914 3485 1060 3575; x_wconf 84' lang='lat' dir='ltr'><strong>equitum</strong></span> <span class='ocrx_word' id='word_1_290' title='bbox 1082 3507 1161 3557; x_wconf 88' lang='lat' dir='ltr'><strong>uero</strong></span> 
     </span>
    </p>
   </div>
   <div class='ocr_carea' id='block_1_5' title="bbox 0 0 1404 3790">
    <p class='ocr_par' dir='ltr' id='par_1_7' title="bbox 0 0 1404 3790">
     <span class='ocr_line' id='line_1_38' title="bbox 0 0 1404 3790; baseline 0 0"><span class='ocrx_word' id='word_1_291' title='bbox 0 0 1404 3790; x_wconf 95' lang='lat' dir='ltr'><strong> </strong></span> 
     </span>
    </p>
   </div>
  </div>
 </body>
</html>
