<?xml version="1.0" encoding="UTF-8"?>
<!DOCTYPE html PUBLIC "-//W3C//DTD XHTML 1.0 Transitional//EN"
    "http://www.w3.org/TR/xhtml1/DTD/xhtml1-transitional.dtd">
<html xmlns="http://www.w3.org/1999/xhtml" xml:lang="en" lang="en">
 <head>
  <title>
</title>
<meta http-equiv="Content-Type" content="text/html;charset=utf-8" />
  <meta name='ocr-system' content='tesseract 3.04.00' />
  <meta name='ocr-capabilities' content='ocr_page ocr_carea ocr_par ocr_line ocrx_word'/>
</head>
<body>
  <div class='ocr_page' id='page_1' title='image "./pavliorosiihist01orosgoog_0127.png"; bbox 0 0 2800 3790; ppageno 0'>
   <div class='ocr_carea' id='block_1_1' title="bbox 346 6 1363 216">
    <p class='ocr_par' dir='ltr' id='par_1_1' title="bbox 346 6 1363 216">
     <span class='ocr_line' id='line_1_1' title="bbox 1309 6 1363 78; baseline 0.019 -29"><span class='ocrx_word' id='word_1_1' title='bbox 1309 6 1311 78; x_wconf 52' lang='grc' dir='ltr'>ἰ</span> <span class='ocrx_word' id='word_1_2' title='bbox 1361 11 1363 50; x_wconf 77' lang='lat' dir='ltr'><strong>l</strong></span> 
     </span>
     <span class='ocr_line' id='line_1_2' title="bbox 346 93 1363 216; baseline 0.012 -27"><span class='ocrx_word' id='word_1_3' title='bbox 346 134 542 189; x_wconf 76' lang='lat' dir='ltr'><strong>mvunevu</strong></span> <span class='ocrx_word' id='word_1_4' title='bbox 559 134 725 188; x_wconf 69' lang='lat' dir='ltr'><strong>ricinos</strong></span> <span class='ocrx_word' id='word_1_5' title='bbox 742 135 785 188; x_wconf 89' lang='lat'><strong>111</strong></span> <span class='ocrx_word' id='word_1_6' title='bbox 804 138 918 191; x_wconf 81' lang='lat' dir='ltr'><strong>re-so.</strong></span> <span class='ocrx_word' id='word_1_7' title='bbox 1066 213 1068 216; x_wconf 16' lang='grc' dir='ltr'>Ι</span> <span class='ocrx_word' id='word_1_8' title='bbox 1097 129 1139 198; x_wconf 73' lang='lat' dir='ltr'><strong>el</strong></span> <span class='ocrx_word' id='word_1_9' title='bbox 1362 93 1363 104; x_wconf 15' lang='lat' dir='ltr'><strong>i</strong></span> 
     </span>
    </p>
   </div>
   <div class='ocr_carea' id='block_1_2' title="bbox 36 274 1363 3482">
    <p class='ocr_par' dir='ltr' id='par_1_2' title="bbox 36 274 1363 3482">
     <span class='ocr_line' id='line_1_3' title="bbox 128 274 1140 365; baseline -0.004 -20"><span class='ocrx_word' id='word_1_10' title='bbox 128 277 227 365; x_wconf 74' lang='lat' dir='ltr'><strong>segn&#39;,</strong></span> <span class='ocrx_word' id='word_1_11' title='bbox 248 276 377 344; x_wconf 89' lang='lat' dir='ltr'><strong>uiribus</strong></span> <span class='ocrx_word' id='word_1_12' title='bbox 400 275 480 342; x_wconf 80' lang='lat' dir='ltr'><strong>lessi</strong></span> <span class='ocrx_word' id='word_1_13' title='bbox 497 274 629 342; x_wconf 80' lang='lat' dir='ltr'><strong>difficile</strong></span> <span class='ocrx_word' id='word_1_14' title='bbox 647 275 811 361; x_wconf 76' lang='lat' dir='ltr'><strong>uicissent,</strong></span> <span class='ocrx_word' id='word_1_15' title='bbox 832 281 941 343; x_wconf 76' lang='lat' dir='ltr'><strong>metro</strong></span> <span class='ocrx_word' id='word_1_16' title='bbox 958 276 1001 342; x_wconf 89' lang='lat' dir='ltr'><strong>ob</strong></span> <span class='ocrx_word' id='word_1_17' title='bbox 1019 295 1140 342; x_wconf 90' lang='lat' dir='ltr'><strong>memo·</strong></span> 
     </span>
     <span class='ocr_line' id='line_1_4' title="bbox 127 362 1177 452; baseline -0.006 -18"><span class='ocrx_word' id='word_1_18' title='bbox 127 366 210 434; x_wconf 81' lang='lat' dir='ltr'><strong>rium</strong></span> <span class='ocrx_word' id='word_1_19' title='bbox 233 366 308 452; x_wconf 88' lang='lat' dir='ltr'><strong>plue</strong></span> <span class='ocrx_word' id='word_1_20' title='bbox 332 364 431 433; x_wconf 85' lang='lat' dir='ltr'><strong>solito</strong></span> <span class='ocrx_word' id='word_1_21' title='bbox 448 363 624 452; x_wconf 68' lang='lat' dir='ltr'><strong>magnifico</strong></span> <span class='ocrx_word' id='word_1_22' title='bbox 641 362 863 432; x_wconf 85' lang='lat' dir='ltr'><strong>condiderunt</strong></span> <span class='ocrx_word' id='word_1_23' title='bbox 898 363 983 431; x_wconf 85' lang='lat' dir='ltr'><strong>exim</strong></span> <span class='ocrx_word' id='word_1_24' title='bbox 1001 363 1139 431; x_wconf 72' lang='lat' dir='ltr'><strong>Alexan·</strong></span> <span class='ocrx_word' id='word_1_25' title='bbox 1158 374 1177 427; x_wconf 74' lang='lat'>⁸</span> 
     </span>
     <span class='ocr_line' id='line_1_5' title="bbox 127 451 1141 545; baseline -0.003 -19"><span class='ocrx_word' id='word_1_26' title='bbox 127 458 184 526; x_wconf 88' lang='lat' dir='ltr'><strong>der</strong></span> <span class='ocrx_word' id='word_1_27' title='bbox 206 456 247 525; x_wconf 82' lang='lat' dir='ltr'><strong>ud</strong></span> <span class='ocrx_word' id='word_1_28' title='bbox 269 477 398 524; x_wconf 86' lang='lat' dir='ltr'><strong>emnem</strong></span> <span class='ocrx_word' id='word_1_29' title='bbox 413 455 588 545; x_wconf 78' lang='lat' dir='ltr'><strong>Agerinem</strong></span> <span class='ocrx_word' id='word_1_30' title='bbox 606 454 727 544; x_wconf 75' lang='lat' dir='ltr'><strong>pergit3</strong></span> <span class='ocrx_word' id='word_1_31' title='bbox 750 475 809 543; x_wconf 87' lang='lat' dir='ltr'><strong>per</strong></span> <span class='ocrx_word' id='word_1_32' title='bbox 826 453 912 524; x_wconf 90' lang='lat' dir='ltr'><strong>hunc</strong></span> <span class='ocrx_word' id='word_1_33' title='bbox 927 453 963 523; x_wconf 91' lang='lat' dir='ltr'><strong>in</strong></span> <span class='ocrx_word' id='word_1_34' title='bbox 977 451 1141 524; x_wconf 82' lang='lat' dir='ltr'><strong>Oeeeuum</strong></span> 
     </span>
     <span class='ocr_line' id='line_1_6' title="bbox 128 543 1141 633; baseline -0.002 -19"><span class='ocrx_word' id='word_1_35' title='bbox 128 545 313 614; x_wconf 87' lang='lat' dir='ltr'><strong>deuehitur:</strong></span> <span class='ocrx_word' id='word_1_36' title='bbox 341 545 387 613; x_wconf 91' lang='lat' dir='ltr'><strong>ibi</strong></span> <span class='ocrx_word' id='word_1_37' title='bbox 410 545 558 613; x_wconf 84' lang='lat' dir='ltr'><strong>Gesones</strong></span> <span class='ocrx_word' id='word_1_38' title='bbox 580 543 755 632; x_wconf 75' lang='lat' dir='ltr'><strong>sibosque,</strong></span> <span class='ocrx_word' id='word_1_39' title='bbox 783 566 863 633; x_wconf 89' lang='lat' dir='ltr'><strong>quos</strong></span> <span class='ocrx_word' id='word_1_40' title='bbox 885 543 1044 612; x_wconf 87' lang='lat' dir='ltr'><strong>Hercules</strong></span> <span class='ocrx_word' id='word_1_41' title='bbox 1066 566 1141 612; x_wconf 87' lang='lat' dir='ltr'><strong>oon·</strong></span> 
     </span>
     <span class='ocr_line' id='line_1_7' title="bbox 38 631 1143 721; baseline -0.005 -16"><span class='ocrx_word' id='word_1_42' title='bbox 38 664 61 705; x_wconf 77' lang='lat' dir='ltr'><strong>s</strong></span> <span class='ocrx_word' id='word_1_43' title='bbox 75 651 114 694; x_wconf 82' lang='lat' dir='ltr'><strong>m</strong></span> <span class='ocrx_word' id='word_1_44' title='bbox 128 634 224 720; x_wconf 85' lang='lat' dir='ltr'><strong>didit,</strong></span> <span class='ocrx_word' id='word_1_45' title='bbox 246 633 420 721; x_wconf 72' lang='lat' dir='ltr'><strong>oppressit.</strong></span> <span class='ocrx_word' id='word_1_46' title='bbox 465 634 542 701; x_wconf 89' lang='lat' dir='ltr'><strong>hino</strong></span> <span class='ocrx_word' id='word_1_47' title='bbox 565 631 608 700; x_wconf 80' lang='lat' dir='ltr'><strong>lin</strong></span> <span class='ocrx_word' id='word_1_48' title='bbox 630 631 784 700; x_wconf 79' lang='lat' dir='ltr'><strong>Mandros</strong></span> <span class='ocrx_word' id='word_1_49' title='bbox 806 637 841 700; x_wconf 90' lang='lat' dir='ltr'><strong>et</strong></span> <span class='ocrx_word' id='word_1_50' title='bbox 862 631 1028 720; x_wconf 68' lang='lat' dir='ltr'><strong>Subagrae</strong></span> <span class='ocrx_word' id='word_1_51' title='bbox 1050 634 1143 699; x_wconf 79' lang='lat' dir='ltr'><strong>noui·</strong></span> 
     </span>
     <span class='ocr_line' id='line_1_8' title="bbox 99 721 1141 811; baseline -0.002 -21"><span class='ocrx_word' id='word_1_52' title='bbox 99 727 200 811; x_wconf 70' lang='lat' dir='ltr'><strong>ogre:</strong></span> <span class='ocrx_word' id='word_1_53' title='bbox 223 742 304 808; x_wconf 84' lang='lat' dir='ltr'><strong>qnee</strong></span> <span class='ocrx_word' id='word_1_54' title='bbox 327 727 443 810; x_wconf 78' lang='lat' dir='ltr'><strong>gentes</strong></span> <span class='ocrx_word' id='word_1_55' title='bbox 467 743 541 790; x_wconf 93' lang='lat' dir='ltr'><strong>eum</strong></span> <span class='ocrx_word' id='word_1_56' title='bbox 563 723 699 789; x_wconf 81' lang='lat' dir='ltr'><strong>ermetis</strong></span> <span class='ocrx_word' id='word_1_57' title='bbox 720 738 819 788; x_wconf 81' lang='lat' dir='ltr'><strong>uxxx</strong></span> <span class='ocrx_word' id='word_1_58' title='bbox 842 721 972 788; x_wconf 87' lang='lat' dir='ltr'><strong>milibus</strong></span> <span class='ocrx_word' id='word_1_59' title='bbox 994 721 1141 807; x_wconf 80' lang='lat' dir='ltr'><strong>peditum</strong></span> 
     </span>
     <span class='ocr_line' id='line_1_9' title="bbox 126 809 1176 898; baseline -0.005 -20"><span class='ocrx_word' id='word_1_60' title='bbox 126 816 162 878; x_wconf 88' lang='lat' dir='ltr'><strong>et</strong></span> <span class='ocrx_word' id='word_1_61' title='bbox 189 828 236 879; x_wconf 82' lang='lat' dir='ltr'><strong>nx</strong></span> <span class='ocrx_word' id='word_1_62' title='bbox 263 811 394 877; x_wconf 88' lang='lat' dir='ltr'><strong>milibus</strong></span> <span class='ocrx_word' id='word_1_63' title='bbox 422 811 567 898; x_wconf 84' lang='lat' dir='ltr'><strong>equitum</strong></span> <span class='ocrx_word' id='word_1_64' title='bbox 594 809 769 897; x_wconf 83' lang='lat' dir='ltr'><strong>excipiunt</strong></span> <span class='ocrx_word' id='word_1_65' title='bbox 813 811 987 878; x_wconf 87' lang='lat' dir='ltr'><strong>commisso</strong></span> <span class='ocrx_word' id='word_1_66' title='bbox 1013 809 1176 898; x_wconf 70' lang='lat' dir='ltr'><strong>proelio?</strong></span> 
     </span>
     <span class='ocr_line' id='line_1_10' title="bbox 127 898 1141 986; baseline -0.002 -20"><span class='ocrx_word' id='word_1_67' title='bbox 127 899 183 966; x_wconf 88' lang='lat' dir='ltr'><strong>diu</strong></span> <span class='ocrx_word' id='word_1_68' title='bbox 213 920 332 985; x_wconf 69' lang='lat' dir='ltr'><strong>auceps</strong></span> <span class='ocrx_word' id='word_1_69' title='bbox 366 904 401 966; x_wconf 89' lang='lat' dir='ltr'><strong>et</strong></span> <span class='ocrx_word' id='word_1_70' title='bbox 426 903 559 966; x_wconf 85' lang='lat' dir='ltr'><strong>cruente</strong></span> <span class='ocrx_word' id='word_1_71' title='bbox 585 919 696 986; x_wconf 80' lang='lat' dir='ltr'><strong>pugne</strong></span> <span class='ocrx_word' id='word_1_72' title='bbox 722 898 855 966; x_wconf 80' lang='lat' dir='ltr'><strong>tendum</strong></span> <span class='ocrx_word' id='word_1_73' title='bbox 882 899 1011 966; x_wconf 85' lang='lat' dir='ltr'><strong>tristem</strong></span> <span class='ocrx_word' id='word_1_74' title='bbox 1038 920 1141 985; x_wconf 78' lang='lat' dir='ltr'><strong>poene</strong></span> 
     </span>
     <span class='ocr_line' id='line_1_11' title="bbox 127 985 1142 1055; baseline 0.001 -2"><span class='ocrx_word' id='word_1_75' title='bbox 127 988 299 1055; x_wconf 71' lang='lat' dir='ltr'><strong>uictoriam</strong></span> <span class='ocrx_word' id='word_1_76' title='bbox 320 985 555 1055; x_wconf 69' lang='lat' dir='ltr'><strong>Macedonibus</strong></span> <span class='ocrx_word' id='word_1_77' title='bbox 577 987 675 1054; x_wconf 89' lang='lat' dir='ltr'><strong>dedit.</strong></span> <span class='ocrx_word' id='word_1_78' title='bbox 716 1008 795 1054; x_wconf 83' lang='lat' dir='ltr'><strong>num</strong></span> <span class='ocrx_word' id='word_1_79' title='bbox 816 986 899 1055; x_wconf 84' lang='lat' dir='ltr'><strong>lusis</strong></span> <span class='ocrx_word' id='word_1_80' title='bbox 921 987 1065 1053; x_wconf 87' lang='lat' dir='ltr'><strong>hostium</strong></span> <span class='ocrx_word' id='word_1_81' title='bbox 1088 1007 1142 1054; x_wconf 91' lang='lat' dir='ltr'><strong>oo·</strong></span> 
     </span>
     <span class='ocr_line' id='line_1_12' title="bbox 88 1074 1143 1162; baseline -0.001 -20"><span class='ocrx_word' id='word_1_82' title='bbox 88 1091 114 1133; x_wconf 75' lang='grc' dir='ltr'><strong>ιο</strong></span> <span class='ocrx_word' id='word_1_83' title='bbox 126 1075 190 1162; x_wconf 86' lang='lat' dir='ltr'><strong>piis</strong></span> <span class='ocrx_word' id='word_1_84' title='bbox 209 1074 394 1142; x_wconf 71' lang='lat' dir='ltr'>Alexander</span> <span class='ocrx_word' id='word_1_85' title='bbox 410 1077 588 1144; x_wconf 87' lang='lat' dir='ltr'><strong>exercitum</strong></span> <span class='ocrx_word' id='word_1_86' title='bbox 606 1075 648 1142; x_wconf 86' lang='lat' dir='ltr'><strong>ed</strong></span> <span class='ocrx_word' id='word_1_87' title='bbox 667 1075 781 1142; x_wconf 89' lang='lat' dir='ltr'><strong>urbem</strong></span> <span class='ocrx_word' id='word_1_88' title='bbox 799 1074 907 1162; x_wconf 80' lang='lat' dir='ltr'><strong>duxit3</strong></span> <span class='ocrx_word' id='word_1_89' title='bbox 929 1079 1054 1142; x_wconf 89' lang='lat' dir='ltr'><strong>etcum</strong></span> <span class='ocrx_word' id='word_1_90' title='bbox 1073 1097 1143 1141; x_wconf 90' lang='lat' dir='ltr'><strong>mu·</strong></span> 
     </span>
     <span class='ocr_line' id='line_1_13' title="bbox 126 1163 1177 1340; baseline -0.004 -22"><span class='ocrx_word' id='word_1_91' title='bbox 126 1163 1177 1340; x_wconf 55' lang='lat' dir='ltr'><strong>termuttultifflllttrtfztltztt⁸</strong></span> 
     </span>
     <span class='ocr_line' id='line_1_14' title="bbox 126 1339 1140 1426; baseline 0.002 -20"><span class='ocrx_word' id='word_1_92' title='bbox 126 1339 423 1426; x_wconf 69' lang='lat' dir='ltr'><strong>circumdedissent,</strong></span> <span class='ocrx_word' id='word_1_93' title='bbox 444 1341 633 1409; x_wconf 80' lang='lat' dir='ltr'><strong>incredibile</strong></span> <span class='ocrx_word' id='word_1_94' title='bbox 651 1342 740 1409; x_wconf 85' lang='lat' dir='ltr'><strong>dictu</strong></span> <span class='ocrx_word' id='word_1_95' title='bbox 759 1345 865 1408; x_wconf 87' lang='lat' dir='ltr'><strong>estut</strong></span> <span class='ocrx_word' id='word_1_96' title='bbox 882 1363 957 1407; x_wconf 90' lang='lat' dir='ltr'><strong>euru</strong></span> <span class='ocrx_word' id='word_1_97' title='bbox 973 1363 1041 1408; x_wconf 92' lang='lat' dir='ltr'><strong>non</strong></span> <span class='ocrx_word' id='word_1_98' title='bbox 1059 1341 1140 1408; x_wconf 90' lang='lat' dir='ltr'><strong>mul·</strong></span> 
     </span>
     <span class='ocr_line' id='line_1_15' title="bbox 125 1427 1140 1517; baseline 0.002 -23"><span class='ocrx_word' id='word_1_99' title='bbox 125 1427 230 1496; x_wconf 82' lang='lat' dir='ltr'><strong>titudo</strong></span> <span class='ocrx_word' id='word_1_100' title='bbox 258 1428 416 1512; x_wconf 86' lang='lat' dir='ltr'><strong>hostium,</strong></span> <span class='ocrx_word' id='word_1_101' title='bbox 441 1451 509 1497; x_wconf 91' lang='lat' dir='ltr'><strong>non</strong></span> <span class='ocrx_word' id='word_1_102' title='bbox 535 1430 586 1496; x_wconf 86' lang='lat' dir='ltr'><strong>uis</strong></span> <span class='ocrx_word' id='word_1_103' title='bbox 610 1451 732 1517; x_wconf 71' lang='lat' dir='ltr'><strong>magne</strong></span> <span class='ocrx_word' id='word_1_104' title='bbox 754 1429 908 1513; x_wconf 87' lang='lat' dir='ltr'><strong>telorum,</strong></span> <span class='ocrx_word' id='word_1_105' title='bbox 938 1450 1005 1496; x_wconf 93' lang='lat' dir='ltr'><strong>non</strong></span> <span class='ocrx_word' id='word_1_106' title='bbox 1026 1433 1140 1496; x_wconf 82' lang='lat' dir='ltr'><strong>tentus</strong></span> 
     </span>
     <span class='ocr_line' id='line_1_16' title="bbox 85 1515 1141 1604; baseline 0.001 -22"><span class='ocrx_word' id='word_1_107' title='bbox 85 1530 113 1574; x_wconf 70' lang='grc' dir='ltr'><strong>υ</strong></span> <span class='ocrx_word' id='word_1_108' title='bbox 126 1515 354 1584; x_wconf 74' lang='lat' dir='ltr'><strong>lacessentium</strong></span> <span class='ocrx_word' id='word_1_109' title='bbox 377 1517 500 1586; x_wconf 82' lang='lat' dir='ltr'><strong>clemor</strong></span> <span class='ocrx_word' id='word_1_110' title='bbox 518 1519 679 1604; x_wconf 77' lang='lat' dir='ltr'><strong>terruerit,</strong></span> <span class='ocrx_word' id='word_1_111' title='bbox 702 1517 793 1585; x_wconf 85' lang='lat' dir='ltr'><strong>solus</strong></span> <span class='ocrx_word' id='word_1_112' title='bbox 812 1520 863 1583; x_wconf 84' lang='lat' dir='ltr'><strong>tot</strong></span> <span class='ocrx_word' id='word_1_113' title='bbox 880 1516 973 1584; x_wconf 90' lang='lat' dir='ltr'><strong>milie</strong></span> <span class='ocrx_word' id='word_1_114' title='bbox 989 1516 1141 1584; x_wconf 78' lang='lat' dir='ltr'><strong>ceciderit</strong></span> 
     </span>
     <span class='ocr_line' id='line_1_17' title="bbox 125 1604 1178 1712; baseline -0.002 -40"><span class='ocrx_word' id='word_1_115' title='bbox 125 1626 164 1672; x_wconf 83' lang='lat' dir='ltr'><strong>ec</strong></span> <span class='ocrx_word' id='word_1_116' title='bbox 186 1604 318 1693; x_wconf 76' lang='lat' dir='ltr'><strong>fugerit</strong></span> <span class='ocrx_word' id='word_1_117' title='bbox 359 1607 473 1712; x_wconf 32' lang='lat' dir='ltr'><strong>etOubi</strong></span> <span class='ocrx_word' id='word_1_118' title='bbox 497 1628 531 1674; x_wconf 84' lang='lat' dir='ltr'><strong>se</strong></span> <span class='ocrx_word' id='word_1_119' title='bbox 554 1605 649 1674; x_wconf 89' lang='lat' dir='ltr'><strong>obrui</strong></span> <span class='ocrx_word' id='word_1_120' title='bbox 671 1628 692 1674; x_wconf 89' lang='lat' dir='ltr'><strong>s</strong></span> <span class='ocrx_word' id='word_1_121' title='bbox 714 1606 909 1674; x_wconf 75' lang='lat' dir='ltr'><strong>circumfuso</strong></span> <span class='ocrx_word' id='word_1_122' title='bbox 930 1605 1178 1674; x_wconf 72' lang='lat' dir='ltr'><strong>multitudines</strong></span> 
     </span>
     <span class='ocr_line' id='line_1_18' title="bbox 124 1696 1140 1873; baseline 0.002 -23"><span class='ocrx_word' id='word_1_123' title='bbox 124 1699 318 1852; x_wconf 59' lang='lat' dir='ltr'><strong>{sitiit</strong></span> <span class='ocrx_word' id='word_1_124' title='bbox 330 1696 1140 1873; x_wconf 49' lang='lat' dir='ltr'><strong>&#39;ttffsltlitt‘lzzttitillet:</strong></span> 
     </span>
     <span class='ocr_line' id='line_1_19' title="bbox 125 1872 1140 1962; baseline 0.003 -22"><span class='ocrx_word' id='word_1_125' title='bbox 125 1873 361 1962; x_wconf 72' lang='lat' dir='ltr'><strong>clamoremque</strong></span> <span class='ocrx_word' id='word_1_126' title='bbox 378 1872 525 1943; x_wconf 86' lang='lat' dir='ltr'><strong>hostiurn</strong></span> <span class='ocrx_word' id='word_1_127' title='bbox 542 1874 713 1961; x_wconf 68' lang='lat' dir='ltr'><strong>perfractis</strong></span> <span class='ocrx_word' id='word_1_128' title='bbox 735 1875 836 1943; x_wconf 90' lang='lat' dir='ltr'><strong>muris</strong></span> <span class='ocrx_word' id='word_1_129' title='bbox 854 1875 1014 1943; x_wconf 88' lang='lat' dir='ltr'><strong>exercitus</strong></span> <span class='ocrx_word' id='word_1_130' title='bbox 1032 1873 1140 1943; x_wconf 88' lang='lat' dir='ltr'><strong>omnis</strong></span> 
     </span>
     <span class='ocr_line' id='line_1_20' title="bbox 83 1962 1340 2053; baseline 0 -25"><span class='ocrx_word' id='word_1_131' title='bbox 83 1962 333 2050; x_wconf 62' lang='lat' dir='ltr'><strong>”inrumperet</strong></span> <span class='ocrx_word' id='word_1_132' title='bbox 378 1963 413 2031; x_wconf 92' lang='lat' dir='ltr'><strong>in</strong></span> <span class='ocrx_word' id='word_1_133' title='bbox 448 1986 486 2032; x_wconf 91' lang='lat' dir='ltr'><strong>eo</strong></span> <span class='ocrx_word' id='word_1_134' title='bbox 515 1963 638 2050; x_wconf 88' lang='lat' dir='ltr'><strong>proelio</strong></span> <span class='ocrx_word' id='word_1_135' title='bbox 665 1964 790 2053; x_wconf 81' lang='lat' dir='ltr'><strong>segitte</strong></span> <span class='ocrx_word' id='word_1_136' title='bbox 817 1964 878 2032; x_wconf 88' lang='lat' dir='ltr'><strong>sub</strong></span> <span class='ocrx_word' id='word_1_137' title='bbox 905 1985 1049 2032; x_wconf 83' lang='lat' dir='ltr'><strong>msmme</strong></span> <span class='ocrx_word' id='word_1_138' title='bbox 1075 1968 1141 2032; x_wconf 84' lang='lat' dir='ltr'><strong>tre·</strong></span> <span class='ocrx_word' id='word_1_139' title='bbox 1161 1974 1197 2029; x_wconf 79' lang='lat' dir='ltr'><strong>lo</strong></span> <span class='ocrx_word' id='word_1_140' title='bbox 1334 2030 1340 2040; x_wconf 74' lang='grc'><strong>,</strong></span> 
     </span>
     <span class='ocr_line' id='line_1_21' title="bbox 36 2051 1141 2141; baseline 0.003 -22"><span class='ocrx_word' id='word_1_141' title='bbox 36 2077 58 2119; x_wconf 74' lang='lat' dir='ltr'><strong>s</strong></span> <span class='ocrx_word' id='word_1_142' title='bbox 73 2067 112 2111; x_wconf 79' lang='lat' dir='ltr'><strong>m</strong></span> <span class='ocrx_word' id='word_1_143' title='bbox 126 2051 237 2139; x_wconf 76' lang='lat' dir='ltr'><strong>iectus,</strong></span> <span class='ocrx_word' id='word_1_144' title='bbox 258 2053 324 2120; x_wconf 85' lang='lat' dir='ltr'><strong>fixo</strong></span> <span class='ocrx_word' id='word_1_145' title='bbox 347 2073 434 2141; x_wconf 79' lang='lat' dir='ltr'><strong>genu</strong></span> <span class='ocrx_word' id='word_1_146' title='bbox 457 2052 599 2121; x_wconf 76' lang='lat' dir='ltr'><strong>loretenus</strong></span> <span class='ocrx_word' id='word_1_147' title='bbox 623 2055 792 2141; x_wconf 72' lang='lat' dir='ltr'><strong>pugnauit,</strong></span> <span class='ocrx_word' id='word_1_148' title='bbox 815 2053 917 2122; x_wconf 91' lang='lat' dir='ltr'><strong>donec</strong></span> <span class='ocrx_word' id='word_1_149' title='bbox 940 2076 1014 2122; x_wconf 84' lang='lat' dir='ltr'><strong>eum</strong></span> <span class='ocrx_word' id='word_1_150' title='bbox 1036 2075 1057 2122; x_wconf 83' lang='lat' dir='ltr'><strong>e</strong></span> <span class='ocrx_word' id='word_1_151' title='bbox 1077 2074 1141 2141; x_wconf 88' lang='lat' dir='ltr'><strong>qno</strong></span> 
     </span>
     <span class='ocr_line' id='line_1_22' title="bbox 124 2140 1193 2211; baseline -0.003 -3"><span class='ocrx_word' id='word_1_152' title='bbox 124 2140 315 2209; x_wconf 88' lang='lat' dir='ltr'><strong>uulneretus</strong></span> <span class='ocrx_word' id='word_1_153' title='bbox 346 2147 433 2209; x_wconf 84' lang='lat' dir='ltr'><strong>ecset</strong></span> <span class='ocrx_word' id='word_1_154' title='bbox 464 2141 634 2210; x_wconf 83' lang='lat' dir='ltr'><strong>occideret</strong></span> <span class='ocrx_word' id='word_1_155' title='bbox 679 2143 753 2211; x_wconf 85' lang='lat' dir='ltr'><strong>inde</strong></span> <span class='ocrx_word' id='word_1_156' title='bbox 785 2143 970 2211; x_wconf 85' lang='lat' dir='ltr'><strong>conscensis</strong></span> <span class='ocrx_word' id='word_1_157' title='bbox 1001 2143 1141 2211; x_wconf 85' lang='lat' dir='ltr'><strong>neuibus</strong></span> <span class='ocrx_word' id='word_1_158' title='bbox 1161 2153 1193 2206; x_wconf 81' lang='grc' dir='ltr'><strong>ιι</strong></span> 
     </span>
     <span class='ocr_line' id='line_1_23' title="bbox 125 2229 1141 2320; baseline 0.002 -24"><span class='ocrx_word' id='word_1_159' title='bbox 125 2251 199 2297; x_wconf 90' lang='lat' dir='ltr'><strong>oum</strong></span> <span class='ocrx_word' id='word_1_160' title='bbox 222 2229 344 2298; x_wconf 73' lang='lat' dir='ltr'><strong>Oceani</strong></span> <span class='ocrx_word' id='word_1_161' title='bbox 367 2230 466 2299; x_wconf 85' lang='lat' dir='ltr'><strong>litore</strong></span> <span class='ocrx_word' id='word_1_162' title='bbox 488 2235 687 2320; x_wconf 78' lang='lat' dir='ltr'><strong>peregmret,</strong></span> <span class='ocrx_word' id='word_1_163' title='bbox 710 2232 750 2299; x_wconf 85' lang='lat' dir='ltr'><strong>ed</strong></span> <span class='ocrx_word' id='word_1_164' title='bbox 774 2233 888 2299; x_wconf 86' lang='lat' dir='ltr'><strong>urbem</strong></span> <span class='ocrx_word' id='word_1_165' title='bbox 906 2232 1070 2319; x_wconf 81' lang='lat' dir='ltr'><strong>quendem</strong></span> <span class='ocrx_word' id='word_1_166' title='bbox 1088 2231 1141 2299; x_wconf 90' lang='lat' dir='ltr'><strong>cui</strong></span> 
     </span>
     <span class='ocr_line' id='line_1_24' title="bbox 125 2317 1140 2426; baseline 0.004 -42"><span class='ocrx_word' id='word_1_167' title='bbox 125 2317 264 2386; x_wconf 85' lang='lat' dir='ltr'><strong>Ambirs</strong></span> <span class='ocrx_word' id='word_1_168' title='bbox 294 2341 351 2386; x_wconf 85' lang='lat' dir='ltr'><strong>rex</strong></span> <span class='ocrx_word' id='word_1_169' title='bbox 378 2324 528 2407; x_wconf 73' lang='lat' dir='ltr'><strong>proceret</strong></span> <span class='ocrx_word' id='word_1_170' title='bbox 554 2321 711 2407; x_wconf 85' lang='lat' dir='ltr'><strong>peruenit</strong></span> <span class='ocrx_word' id='word_1_171' title='bbox 755 2320 813 2388; x_wconf 83' lang='lat' dir='ltr'><strong>sed</strong></span> <span class='ocrx_word' id='word_1_172' title='bbox 839 2321 875 2388; x_wconf 91' lang='lat' dir='ltr'><strong>in</strong></span> <span class='ocrx_word' id='word_1_173' title='bbox 902 2343 986 2426; x_wconf 73' lang='lat' dir='ltr'><strong>expu</strong></span> <span class='ocrx_word' id='word_1_174' title='bbox 1052 2319 1140 2389; x_wconf 88' lang='lat' dir='ltr'><strong>tione</strong></span> 
     </span>
     <span class='ocr_line' id='line_1_25' title="bbox 84 2407 1140 2497; baseline 0.008 -29"><span class='ocrx_word' id='word_1_175' title='bbox 84 2424 112 2468; x_wconf 83' lang='lat' dir='ltr'><strong>rs</strong></span> <span class='ocrx_word' id='word_1_176' title='bbox 125 2407 270 2477; x_wconf 74' lang='lat' dir='ltr'><strong>ciuitatis</strong></span> <span class='ocrx_word' id='word_1_177' title='bbox 301 2430 456 2497; x_wconf 75' lang='lat' dir='ltr'><strong>magnum</strong></span> <span class='ocrx_word' id='word_1_178' title='bbox 488 2413 614 2497; x_wconf 80' lang='lat' dir='ltr'><strong>purtem</strong></span> <span class='ocrx_word' id='word_1_179' title='bbox 646 2409 805 2478; x_wconf 85' lang='lat' dir='ltr'><strong>exercitur</strong></span> <span class='ocrx_word' id='word_1_180' title='bbox 835 2410 968 2496; x_wconf 75' lang='lat' dir='ltr'><strong>sagittis</strong></span> <span class='ocrx_word' id='word_1_181' title='bbox 1019 2409 1140 2479; x_wconf 88' lang='lat' dir='ltr'><strong>ostium</strong></span> 
     </span>
     <span class='ocr_line' id='line_1_26' title="bbox 126 2497 1140 2586; baseline 0.004 -23"><span class='ocrx_word' id='word_1_182' title='bbox 126 2516 252 2564; x_wconf 89' lang='lat' dir='ltr'><strong>ueneno</strong></span> <span class='ocrx_word' id='word_1_183' title='bbox 274 2497 378 2564; x_wconf 86' lang='lat' dir='ltr'><strong>inlitis</strong></span> <span class='ocrx_word' id='word_1_184' title='bbox 401 2497 519 2585; x_wconf 78' lang='lat' dir='ltr'><strong>emisit,</strong></span> <span class='ocrx_word' id='word_1_185' title='bbox 541 2521 580 2566; x_wconf 82' lang='lat' dir='ltr'><strong>ec</strong></span> <span class='ocrx_word' id='word_1_186' title='bbox 602 2504 679 2586; x_wconf 81' lang='lat' dir='ltr'><strong>post</strong></span> <span class='ocrx_word' id='word_1_187' title='bbox 695 2498 797 2566; x_wconf 86' lang='lat' dir='ltr'><strong>herbe</strong></span> <span class='ocrx_word' id='word_1_188' title='bbox 814 2520 874 2586; x_wconf 90' lang='lat' dir='ltr'><strong>per</strong></span> <span class='ocrx_word' id='word_1_189' title='bbox 892 2499 1056 2567; x_wconf 87' lang='lat' dir='ltr'><strong>somnium</strong></span> <span class='ocrx_word' id='word_1_190' title='bbox 1076 2499 1140 2567; x_wconf 89' lang='lat' dir='ltr'><strong>sibi</strong></span> 
     </span>
     <span class='ocr_line' id='line_1_27' title="bbox 125 2585 1141 2677; baseline 0.003 -24"><span class='ocrx_word' id='word_1_191' title='bbox 125 2590 256 2654; x_wconf 80' lang='lat' dir='ltr'><strong>ostense</strong></span> <span class='ocrx_word' id='word_1_192' title='bbox 273 2591 308 2654; x_wconf 91' lang='lat' dir='ltr'><strong>et</strong></span> <span class='ocrx_word' id='word_1_193' title='bbox 324 2585 361 2655; x_wconf 91' lang='lat' dir='ltr'><strong>in</strong></span> <span class='ocrx_word' id='word_1_194' title='bbox 378 2593 494 2675; x_wconf 89' lang='lat' dir='ltr'><strong>potum</strong></span> <span class='ocrx_word' id='word_1_195' title='bbox 512 2589 631 2656; x_wconf 70' lang='lat' dir='ltr'><strong>unuin</strong></span> <span class='ocrx_word' id='word_1_196' title='bbox 649 2586 726 2656; x_wconf 82' lang='lat' dir='ltr'><strong>dete</strong></span> <span class='ocrx_word' id='word_1_197' title='bbox 744 2609 818 2656; x_wconf 90' lang='lat' dir='ltr'><strong>cum</strong></span> <span class='ocrx_word' id='word_1_198' title='bbox 835 2587 970 2677; x_wconf 87' lang='lat' dir='ltr'><strong>reliquis</strong></span> <span class='ocrx_word' id='word_1_199' title='bbox 988 2587 1141 2656; x_wconf 85' lang='lat' dir='ltr'><strong>subueni-</strong></span> 
     </span>
     <span class='ocr_line' id='line_1_28' title="bbox 126 2677 760 2769; baseline 0.006 -26"><span class='ocrx_word' id='word_1_200' title='bbox 126 2682 224 2763; x_wconf 84' lang='lat' dir='ltr'><strong>retur,</strong></span> <span class='ocrx_word' id='word_1_201' title='bbox 246 2678 360 2746; x_wconf 89' lang='lat' dir='ltr'><strong>urbem</strong></span> <span class='ocrx_word' id='word_1_202' title='bbox 383 2677 588 2769; x_wconf 72' lang='lat' dir='ltr'><strong>expugnauit</strong></span> <span class='ocrx_word' id='word_1_203' title='bbox 609 2683 644 2747; x_wconf 90' lang='lat' dir='ltr'><strong>et</strong></span> <span class='ocrx_word' id='word_1_204' title='bbox 665 2677 760 2768; x_wconf 84' lang='lat' dir='ltr'><strong>cepit</strong></span> 
     </span>
     <span class='ocr_line' id='line_1_29' title="bbox 192 2766 1193 2854; baseline -0.001 -20"><span class='ocrx_word' id='word_1_205' title='bbox 192 2766 273 2835; x_wconf 84' lang='lat' dir='ltr'><strong>Post</strong></span> <span class='ocrx_word' id='word_1_206' title='bbox 294 2768 388 2854; x_wconf 80' lang='lat' dir='ltr'><strong>qussi</strong></span> <span class='ocrx_word' id='word_1_207' title='bbox 410 2769 606 2837; x_wconf 80' lang='lat' dir='ltr'><strong>circumactu</strong></span> <span class='ocrx_word' id='word_1_208' title='bbox 628 2774 716 2837; x_wconf 80' lang='lat' dir='ltr'><strong>mete</strong></span> <span class='ocrx_word' id='word_1_209' title='bbox 738 2769 778 2837; x_wconf 90' lang='lat' dir='ltr'><strong>de</strong></span> <span class='ocrx_word' id='word_1_210' title='bbox 796 2769 925 2837; x_wconf 85' lang='lat' dir='ltr'><strong>Oceono</strong></span> <span class='ocrx_word' id='word_1_211' title='bbox 942 2767 1060 2836; x_wconf 91' lang='lat' dir='ltr'><strong>Indum</strong></span> <span class='ocrx_word' id='word_1_212' title='bbox 1081 2769 1139 2837; x_wconf 86' lang='lat' dir='ltr'><strong>du·</strong></span> <span class='ocrx_word' id='word_1_213' title='bbox 1153 2773 1193 2833; x_wconf 78' lang='lat' dir='ltr'><strong>tt</strong></span> 
     </span>
     <span class='ocr_line' id='line_1_30' title="bbox 86 2855 1298 2945; baseline 0.002 -23"><span class='ocrx_word' id='word_1_214' title='bbox 86 2870 113 2913; x_wconf 65' lang='grc' dir='ltr'><strong>υ</strong></span> <span class='ocrx_word' id='word_1_215' title='bbox 127 2877 202 2923; x_wconf 89' lang='lat' dir='ltr'><strong>men</strong></span> <span class='ocrx_word' id='word_1_216' title='bbox 226 2855 404 2945; x_wconf 82' lang='lat' dir='ltr'><strong>ingressus,</strong></span> <span class='ocrx_word' id='word_1_217' title='bbox 433 2855 641 2945; x_wconf 78' lang='lat' dir='ltr'><strong>Bubylonem</strong></span> <span class='ocrx_word' id='word_1_218' title='bbox 666 2857 813 2926; x_wconf 87' lang='lat' dir='ltr'><strong>celeriter</strong></span> <span class='ocrx_word' id='word_1_219' title='bbox 835 2857 940 2927; x_wconf 88' lang='lat' dir='ltr'><strong>rediit.</strong></span> <span class='ocrx_word' id='word_1_220' title='bbox 985 2857 1041 2926; x_wconf 91' lang='lat' dir='ltr'><strong>ubi</strong></span> <span class='ocrx_word' id='word_1_221' title='bbox 1063 2868 1174 2926; x_wconf 69' lang='lat' dir='ltr'><strong>eum!</strong></span> <span class='ocrx_word' id='word_1_222' title='bbox 1297 2887 1298 2890; x_wconf 40' lang='lat'>¹</span> 
     </span>
     <span class='ocr_line' id='line_1_31' title="bbox 125 2946 1197 3037; baseline 0.006 -25"><span class='ocrx_word' id='word_1_223' title='bbox 125 2946 352 3015; x_wconf 71' lang='lat' dir='ltr'><strong>exterritarum</strong></span> <span class='ocrx_word' id='word_1_224' title='bbox 374 2947 476 3016; x_wconf 91' lang='lat' dir='ltr'><strong>totius</strong></span> <span class='ocrx_word' id='word_1_225' title='bbox 502 2948 590 3016; x_wconf 85' lang='lat' dir='ltr'><strong>orbis</strong></span> <span class='ocrx_word' id='word_1_226' title='bbox 612 2947 853 3037; x_wconf 72' lang='lat' dir='ltr'><strong>prouinciarum</strong></span> <span class='ocrx_word' id='word_1_227' title='bbox 875 2947 977 3036; x_wconf 74' lang='lat' dir='ltr'><strong>legeti</strong></span> <span class='ocrx_word' id='word_1_228' title='bbox 995 2969 1038 3036; x_wconf 90' lang='lat' dir='ltr'><strong>op</strong></span> <span class='ocrx_word' id='word_1_229' title='bbox 1079 2948 1140 3016; x_wconf 88' lang='lat' dir='ltr'><strong>rie·</strong></span> <span class='ocrx_word' id='word_1_230' title='bbox 1195 3011 1197 3018; x_wconf 92' lang='lat'><em>.</em></span> 
     </span>
     <span class='ocr_line' id='line_1_32' title="bbox 126 3034 1140 3128; baseline 0.006 -27"><span class='ocrx_word' id='word_1_231' title='bbox 126 3034 260 3123; x_wconf 83' lang='lat' dir='ltr'><strong>buntur,</strong></span> <span class='ocrx_word' id='word_1_232' title='bbox 291 3037 353 3107; x_wconf 91' lang='lat' dir='ltr'><strong>hoc</strong></span> <span class='ocrx_word' id='word_1_233' title='bbox 385 3043 436 3106; x_wconf 85' lang='lat' dir='ltr'><strong>cst</strong></span> <span class='ocrx_word' id='word_1_234' title='bbox 464 3034 784 3128; x_wconf 78' lang='lat' dir='ltr'><strong>Osrthuginieneium</strong></span> <span class='ocrx_word' id='word_1_235' title='bbox 816 3037 1039 3126; x_wconf 76' lang='lat' dir='ltr'><strong>totiusqued</strong></span> <span class='ocrx_word' id='word_1_236' title='bbox 1072 3037 1140 3107; x_wconf 81' lang='lat' dir='ltr'><strong>&#39;cue</strong></span> 
     </span>
     <span class='ocr_line' id='line_1_33' title="bbox 126 3123 1141 3214; baseline 0.006 -25"><span class='ocrx_word' id='word_1_237' title='bbox 126 3123 309 3211; x_wconf 75' lang='lat' dir='ltr'><strong>ciuitatum,</strong></span> <span class='ocrx_word' id='word_1_238' title='bbox 335 3126 392 3193; x_wconf 85' lang='lat' dir='ltr'><strong>ssd</strong></span> <span class='ocrx_word' id='word_1_239' title='bbox 421 3131 455 3194; x_wconf 86' lang='lat' dir='ltr'><strong>et</strong></span> <span class='ocrx_word' id='word_1_240' title='bbox 477 3125 697 3214; x_wconf 84' lang='lat' dir='ltr'><strong>Hispenorurn</strong></span> <span class='ocrx_word' id='word_1_241' title='bbox 719 3125 888 3195; x_wconf 75' lang='lat' dir='ltr'><strong>Gallorum</strong></span> <span class='ocrx_word' id='word_1_242' title='bbox 911 3126 1041 3195; x_wconf 73' lang='lat' dir='ltr'><strong>Siciliae</strong></span> <span class='ocrx_word' id='word_1_243' title='bbox 1064 3126 1141 3196; x_wconf 81' lang='lat' dir='ltr'><strong>Ser·</strong></span> 
     </span>
     <span class='ocr_line' id='line_1_34' title="bbox 36 3209 1174 3302; baseline 0.003 -26"><span class='ocrx_word' id='word_1_244' title='bbox 36 3235 60 3276; x_wconf 81' lang='lat' dir='ltr'><strong>r.</strong></span> <span class='ocrx_word' id='word_1_245' title='bbox 73 3226 112 3270; x_wconf 70' lang='grc' dir='ltr'>ω</span> <span class='ocrx_word' id='word_1_246' title='bbox 126 3209 312 3302; x_wconf 85' lang='lat' dir='ltr'><strong>diniueqne,</strong></span> <span class='ocrx_word' id='word_1_247' title='bbox 341 3210 510 3302; x_wconf 75' lang='lat' dir='ltr'><strong>plulrimee</strong></span> <span class='ocrx_word' id='word_1_248' title='bbox 537 3220 705 3302; x_wconf 84' lang='lat' dir='ltr'><strong>prseteres</strong></span> <span class='ocrx_word' id='word_1_249' title='bbox 732 3216 837 3302; x_wconf 82' lang='lat' dir='ltr'><strong>pertis</strong></span> <span class='ocrx_word' id='word_1_250' title='bbox 859 3214 982 3284; x_wconf 80' lang='lat' dir='ltr'><strong>Iteliue.</strong></span> <span class='ocrx_word' id='word_1_251' title='bbox 1024 3219 1138 3282; x_wconf 76' lang='lat' dir='ltr'><strong>tentus</strong></span> <span class='ocrx_word' id='word_1_252' title='bbox 1157 3225 1174 3278; x_wconf 80' lang='lat' dir='ltr'><strong>t</strong></span> 
     </span>
     <span class='ocr_line' id='line_1_35' title="bbox 84 3299 1363 3392; baseline 0.008 -26"><span class='ocrx_word' id='word_1_253' title='bbox 84 3315 112 3359; x_wconf 66' lang='grc' dir='ltr'><strong><em>π</em></strong></span> <span class='ocrx_word' id='word_1_254' title='bbox 124 3299 224 3368; x_wconf 87' lang='lat' dir='ltr'><strong>timor</strong></span> <span class='ocrx_word' id='word_1_255' title='bbox 251 3301 287 3370; x_wconf 92' lang='lat' dir='ltr'><strong>in</strong></span> <span class='ocrx_word' id='word_1_256' title='bbox 314 3325 441 3373; x_wconf 90' lang='lat' dir='ltr'><strong>summo</strong></span> <span class='ocrx_word' id='word_1_257' title='bbox 469 3305 593 3372; x_wconf 83' lang='lat' dir='ltr'><strong>oriente</strong></span> <span class='ocrx_word' id='word_1_258' title='bbox 619 3304 791 3373; x_wconf 88' lang='lat' dir='ltr'><strong>constituti</strong></span> <span class='ocrx_word' id='word_1_259' title='bbox 817 3303 909 3373; x_wconf 89' lang='lat' dir='ltr'><strong>ducis</strong></span> <span class='ocrx_word' id='word_1_260' title='bbox 931 3304 1069 3392; x_wconf 83' lang='lat' dir='ltr'><strong>populos</strong></span> <span class='ocrx_word' id='word_1_261' title='bbox 1090 3304 1139 3371; x_wconf 90' lang='lat' dir='ltr'><strong>ul·</strong></span> <span class='ocrx_word' id='word_1_262' title='bbox 1362 3311 1363 3376; x_wconf 84' lang='lat' dir='ltr'><strong>l</strong></span> 
     </span>
     <span class='ocr_line' id='line_1_36' title="bbox 125 3387 1138 3482; baseline 0.005 -27"><span class='ocrx_word' id='word_1_263' title='bbox 125 3387 197 3455; x_wconf 87' lang='lat' dir='ltr'><strong>timi</strong></span> <span class='ocrx_word' id='word_1_264' title='bbox 229 3390 406 3460; x_wconf 87' lang='lat' dir='ltr'><strong>occidentis</strong></span> <span class='ocrx_word' id='word_1_265' title='bbox 437 3393 617 3480; x_wconf 73' lang='lat' dir='ltr'><strong>innueret,</strong></span> <span class='ocrx_word' id='word_1_266' title='bbox 658 3398 695 3461; x_wconf 86' lang='lat' dir='ltr'><strong>nt</strong></span> <span class='ocrx_word' id='word_1_267' title='bbox 725 3392 801 3460; x_wconf 90' lang='lat' dir='ltr'><strong>inde</strong></span> <span class='ocrx_word' id='word_1_268' title='bbox 833 3394 1037 3482; x_wconf 75' lang='lat' dir='ltr'><strong>peregrinum</strong></span> <span class='ocrx_word' id='word_1_269' title='bbox 1067 3395 1138 3460; x_wconf 83' lang='lat' dir='ltr'><strong>toto</strong></span> 
     </span>
    </p>
   </div>
   <div class='ocr_carea' id='block_1_3' title="bbox 0 0 1404 3780">
    <p class='ocr_par' dir='ltr' id='par_1_3' title="bbox 0 0 1404 3780">
     <span class='ocr_line' id='line_1_37' title="bbox 0 0 1404 3780; baseline 0 0"><span class='ocrx_word' id='word_1_270' title='bbox 0 0 1404 3780; x_wconf 95' lang='lat' dir='ltr'><strong> </strong></span> 
     </span>
    </p>
   </div>
   <div class='ocr_carea' id='block_1_4' title="bbox 124 3475 1139 3572">
    <p class='ocr_par' dir='ltr' id='par_1_4' title="bbox 124 3475 1139 3572">
     <span class='ocr_line' id='line_1_38' title="bbox 124 3475 1139 3572; baseline 0.01 -33"><span class='ocrx_word' id='word_1_271' title='bbox 124 3475 246 3547; x_wconf 87' lang='lat' dir='ltr'><strong>mundo</strong></span> <span class='ocrx_word' id='word_1_272' title='bbox 261 3501 408 3548; x_wconf 85' lang='lat' dir='ltr'><strong>cerneres</strong></span> <span class='ocrx_word' id='word_1_273' title='bbox 421 3481 630 3568; x_wconf 70' lang='lat' dir='ltr'><strong>legationem,</strong></span> <span class='ocrx_word' id='word_1_274' title='bbox 647 3503 712 3572; x_wconf 86' lang='lat' dir='ltr'><strong>quo</strong></span> <span class='ocrx_word' id='word_1_275' title='bbox 726 3481 783 3548; x_wconf 87' lang='lat' dir='ltr'><strong>nix</strong></span> <span class='ocrx_word' id='word_1_276' title='bbox 795 3479 940 3550; x_wconf 82' lang='lat' dir='ltr'><strong>crederes</strong></span> <span class='ocrx_word' id='word_1_277' title='bbox 952 3481 1139 3568; x_wconf 76' lang='lat' dir='ltr'><strong>peruenisse</strong></span> 
     </span>
    </p>
   </div>
   <div class='ocr_carea' id='block_1_5' title="bbox 36 3717 62 3773">
    <p class='ocr_par' dir='ltr' id='par_1_5' title="bbox 36 3717 62 3773">
     <span class='ocr_line' id='line_1_39' title="bbox 36 3717 62 3773; baseline 0 0"><span class='ocrx_word' id='word_1_278' title='bbox 36 3717 62 3773; x_wconf 62' lang='grc' dir='ltr'>ἰ</span> 
     </span>
    </p>
   </div>
  </div>
 </body>
</html>
