2702 3776
347 67 543 122 euveum
560 69 726 124 neutros
744 71 796 124 vn
814 74 929 127 to-er.
1072 69 1139 137 297

149 209 213 276 uod
225 207 328 299 uulgo
341 231 400 298 per
413 211 571 280 orientem
585 217 619 279 et
632 211 831 281 occidentem
849 214 1001 282 ecoleeiee
1015 211 1140 284 Ohrieu·

83 339 88 350 ·
127 231 234 365 ilunie
252 295 369 366 Suebie
386 296 545 368 Vendeliu
567 305 601 369 et
623 299 913 390 Burgundionibus
937 303 1140 390 dinereieqne

127 386 307 454 innumeris
335 387 534 456 amentium
561 390 691 478 populis
714 392 894 479 replentur,
922 391 1085 460 tendendo
1107 399 1141 461 et

128 475 315 545 udtollende
342 477 563 546 mieerioordie
585 479 647 546 Dei
669 479 847 565 uideretur,
869 482 1141 570 quondoquidem,

99 565 189 631 ‘etei
212 585 285 630 eum
302 564 520 634 labefactione
537 567 652 652 nostri,
674 572 787 636 tenta
804 574 919 655 genten
936 570 1139 658 egnitionem

126 652 276 722 ueritatie
309 655 507 744 eeeiperent,
537 677 637 745 quem
666 657 812 726 inuenire
844 658 954 746 ntique
982 658 1048 726 niei
1076 659 1140 726 lure

126 743 296 812 oooueione
313 765 381 812 non
398 749 541 831 poeeeut
571 745 649 834 quid
662 746 748 815 euim
762 747 873 816 domui
886 751 938 817 eet
951 745 1139 818 Ohrietieno
1157 761 1177 813 e

126 833 168 900 et
183 833 286 900 uilem
301 837 467 901 oeternum
484 835 632 916 inhianti,
650 835 726 904 huie
744 837 874 905 eeeculo
892 837 1041 925 quolibet
1058 841 1141 905 tem·

127 943 203 1006 pore
226 926 260 989 et
286 943 415 1010 quoquo
438 929 536 1010 puoto
559 923 728 992 ebetrehi?
752 925 831 1012 quid
853 930 963 994 eutem
986 927 1068 994 lueri
1091 931 1143 994 eet

90 1023 116 1066 ω
129 1031 259 1098 pugeno
286 1011 321 1078 in
351 1010 457 1079 medio
485 1009 746 1082 Christianorum
773 1014 930 1082 eduereuu
959 1014 1055 1082 tidem
1083 1015 1142 1083 ob-

126 1099 258 1182 durato,
284 1099 314 1165 ei
340 1099 440 1186 poulo
468 1100 591 1168 diutine
618 1100 704 1168 diem
731 1103 917 1188 protrehet,
948 1103 1142 1190 quandoque

128 1187 300 1272 morituro,
322 1189 376 1254 oni
399 1186 570 1275 desperate
592 1190 762 1258 oonuereio
784 1191 857 1258 eet?

192 1273 239 1340 Et
256 1275 334 1362 quie
350 1275 529 1344 inellubilie
546 1281 624 1344 eunt
645 1278 766 1345 iudioie
783 1277 855 1364 Dei,
876 1301 959 1366 queo
976 1300 1037 1346 neo
1054 1279 1139 1346 eeire
1158 1291 1194 1343 ιο

126 1362 238 1428 omniu
259 1384 319 1431 nee
342 1365 502 1449 explicere
524 1387 608 1452 quoe
636 1366 756 1434 euimue
806 1388 971 1453 oreumue,
997 1367 1144 1434 breuiter

87 1463 114 1506 ¹⁸
127 1450 369 1622 :tellite
384 1454 634 1629 {little
649 1453 773 1628 fflii
795 1455 1143 1629 teum

126 1625 285 1693 neeeiunt
557 1635 563 1648 '
967 1667 968 1672 κ

37 1739 60 1781 n
72 1726 112 1773 ⁵⁸1
196 1713 300 1785 ¹rtnno
319 1716 360 1785 eb
379 1716 460 1785 urbe
478 1717 612 1787 condite
627 1733 751 1789 nrcnxv
769 1715 935 1788 Honoriue
952 1719 1141 1808 imperetur,
1154 1723 1196 1785 42

127 1805 242 1872 uidene
265 1809 317 1874 tot
340 1807 500 1893 oppositio
522 1809 671 1893 tyrenniu
693 1808 777 1876 nihil
800 1807 955 1876 ednereue
982 1807 1141 1876 bnrberoe

86 1905 115 1950 ¹⁰
127 1895 183 1982 egi
196 1916 302 2050 pgeehe
314 1895 409 2051 ‘iprobe
446 1895 515 2000 riue
529 1901 685 1982 tyrennoe
698 1897 799 2002 ‹leleri
812 1897 912 2054 iubet.
946 1894 1141 2054 Oonztutntio
1157 1997 1177 2048 ¹

127 2004 211 2050 oom1
289 2007 362 2052 mur
408 2006 427 2050 e
486 2006 614 2052 nummo
635 2006 809 2053 oommrree
831 2007 866 2053 ee
935 2007 1023 2053 mnu
1077 2007 1141 2054 uno

127 2071 256 2139 demum
274 2071 458 2159 reepubliee
481 2077 515 2141 et
536 2095 633 2160 quern
652 2075 829 2142 utilitatem
847 2074 881 2140 iu
898 2071 1049 2142 Romano
1067 2079 1140 2141 ten·

127 2159 202 2226 dem
230 2160 312 2228 duee
341 2160 500 2247 receperit
528 2168 563 2230 et
589 2184 688 2249 quem
714 2167 848 2230 eetenun
875 2161 1052 2249 pernioiem
1080 2184 1142 2248 per

126 2247 227 2334 longo
253 2251 403 2334 tempore
430 2248 578 2316 herberie
605 2249 778 2318 comitibus
808 2249 954 2317 eubieete
982 2249 1140 2318 tolerarit

85 2348 113 2392 ὓ
126 2336 229 2422 igitur
246 2333 460 2404 Oonetentiuu
479 2359 586 2405 corner
604 2339 639 2405 in
652 2337 796 2406 Gellium
813 2360 888 2406 oum
906 2337 1048 2406 exeroitu
1065 2347 1178 2425 pro-⁸
1227 2351 1234 2364 ·

124 2423 239 2508 ieotur,
257 2421 511 2492 Constantinum
530 2426 575 2492 im
599 2431 760 2494 oratorem
776 2427 863 2514 epud
876 2426 1041 2494 Arelatem
1061 2427 1139 2493 oini-

124 2516 228 2580 tutem
251 2509 371 2579 olenuit
393 2514 481 2599 oepit
503 2515 572 2583 oeui
598 2515 631 2582 't

190 2599 262 2668 lem
289 2599 378 2688 hine,
404 2609 443 2670 nt
468 2601 508 2670 (le
535 2603 685 2693 ontnlogo
707 2607 920 2690 tyrannorum
944 2625 1043 2691 quem
1065 2602 1176 2670 bre-e

124 2685 257 2756 uieeime
280 2690 404 2777 loquer,
427 2689 641 2760 Oonetentem
658 2690 866 2761 constentini
887 2691 990 2760 lilium
1014 2690 1137 2760 Geron·

83 2777 190 2844 etin
218 2798 327 2845 oomee
356 2801 448 2864 eune,
482 2780 534 2846 uir
564 2801 705 2868 nequem
737 2781 844 2869 mugio
875 2801 974 2866 quum
1005 2779 1138 2866 probue,
1201 2847 1204 2852 .

124 2865 210 2950 opud
224 2863 388 2932 Viennem
402 2866 568 2935 interiecit
582 2871 680 2954 etque
697 2868 733 2934 in
750 2868 819 2935 eine
837 2868 945 2936 locum
958 2865 1137 2934 Maximum

123 2952 283 3040 quendem
306 2953 485 3023 substituit.
523 2954 594 3042 ipee
616 2976 694 3024 uero
717 2954 892 3024 Gerontine
915 2977 936 3022 u
957 2953 1025 3022 uuir
1049 2953 1135 3022 mili·

122 3041 211 3110 tibur
239 3042 363 3112 oeeiene
389 3047 450 3113 eet
493 3041 656 3113 Merimue
684 3049 801 3114 exutus
827 3065 972 3151 purpure
998 3043 1174 3113 uestitu-e

122 3135 240 3222 tneque
262 3155 283 3201 e
304 3133 464 3203 militibus
487 3131 673 3224 Gellioenie,
694 3137 751 3225 qui
772 3135 806 3204 in
830 3134 977 3204 Airroem
997 3133 1136 3222 truieeti,

81 3236 110 3279 ὕ
123 3223 239 3290 deinde
261 3223 295 3290 in
317 3223 450 3291 Iulium
470 3227 617 3294 reuoouti
640 3233 730 3312 eunt,
756 3247 843 3293 nuno
869 3225 956 3292 iuter
977 3224 1135 3293 berburoe

122 3307 159 3373 in
172 3307 336 3395 Hispania
349 3330 449 3396 egene
462 3311 581 3380 exulet
611 3311 746 3381 Iouinne
758 3316 875 3400 penten
887 3311 940 3380 uir
953 3309 1136 3381 Gellierum
1155 3323 1176 3376 e

166 3393 345 3464 tilieeimue
363 3397 398 3463 in
411 3399 617 3483 tyrannidem
631 3421 708 3469 mox
720 3403 758 3468 ut
770 3399 955 3468 edenrrexit
964 3403 1000 3469 et
1012 3399 1137 3470 oeoirlit.
