2806 3788
339 141 535 194 ADVERSW
553 140 718 194 ptumus
735 141 779 194 111
796 143 912 196 20-21.
1086 137 1130 205 89

121 285 160 351 de
178 283 365 352 Alexandro
388 283 570 369 uidebatur,
591 283 737 370 talesque
759 289 793 350 ot
810 282 951 351 Romuui
973 283 1047 350 uliis
1068 283 1131 352 uisi

32 400 56 441 r·
69 387 108 430 ¹⁸⁶
124 371 221 459 isunt,
246 372 323 440 dum
347 371 442 441 bellis
464 371 597 460 ignotos
620 371 810 459 quietosque
832 372 1028 457 petiusruut
1072 373 1131 440 sed

120 461 169 529 illi
197 460 367 546 udquirere
394 480 509 546 regns,
535 459 593 528 isti
621 463 766 527 euertere
793 460 935 528 student.
980 465 1132 545 seperate

120 552 198 616 suut
227 546 332 615 hostis
364 548 488 615 sreidiu
517 552 552 614 et
577 547 698 614 iudicis
724 547 868 616 uictoris.
913 549 1071 635 siquidem
1099 552 1134 616 et
1151 559 1186 612 ιι

94 637 172 705 oilli
193 635 283 723 prius
306 657 361 704 eos
383 635 478 703 bellis
501 635 703 722 adflixerunt,
725 658 807 740 quos
830 641 945 723 postes
966 635 1035 704 suis
1054 636 1133 725 legi·

121 725 182 792 bus
204 723 412 792 ordinarunt:
434 729 468 790 et
489 723 525 790 hi
546 745 633 791 nune
654 723 819 791 hostiliter
836 727 972 791 turbent
988 745 1071 826 quoe
1089 759 1132 775 -

121 812 156 879 iu
179 832 243 899 quo
265 832 333 878 nou
355 811 541 897 permiserit
557 809 646 878 Deus
665 811 755 878 -si
778 812 921 878 edomito
941 812 1133 896 obtmerqnt,

121 900 187 967 ritu
210 920 269 967 suo
292 920 475 986 oonpouere
496 898 697 986 molirentur,
719 899 844 968 diosudi
862 901 1003 988 posteris
1020 901 1133 988 magni

121 1009 229 1076 reges,
257 989 313 1076 qui
334 1010 421 1056 nuno
442 989 538 1056 uobis
561 988 743 1056 sseuissimi
764 987 877 1056 hostes
900 987 1134 1057 udiudioeotur.

82 1095 109 1138 ιο
122 1076 268 1165 quolibet
290 1076 370 1146 hseo
393 1084 487 1164 gesto
508 1077 590 1146 tulis
610 1077 742 1146 nomine
764 1082 971 1167 oenseuntur,
997 1077 1060 1146 hoe
1082 1085 1133 1147 est
1152 1088 1186 1141 m

122 1167 191 1232 siue
221 1165 370 1233 dicuntur
399 1166 549 1234 miseriae
577 1165 647 1233 siue
674 1167 826 1253 uirtutes,
855 1171 993 1254 uosque
1020 1167 1134 1253 priori·

121 1253 182 1321 bus
214 1259 393 1338 oonpsrstu
421 1254 457 1322 iu
488 1253 551 1322 hoo
581 1258 730 1341 tempore
759 1255 889 1322 minore
915 1260 1008 1342 suut,
1038 1259 1134 1342 utque
1203 1270 1205 1278 ’

121 1341 171 1408 itu
201 1346 338 1428 utroque
370 1363 429 1429 pro
460 1342 556 1410 uobis
588 1340 715 1410 ieoiuut
742 1343 778 1410 iu
804 1343 1034 1429 oonpurutione
1060 1343 1135 1411 Als-

120 1429 236 1499 xuudri
263 1435 360 1519 utque
386 1431 573 1501 Persarum:
601 1430 630 1498 si
656 1431 761 1501 uirtus
788 1453 875 1501 nuno
900 1431 1049 1501 uooeodu
1075 1437 1135 1522 est,

80 1521 228 1590 ruminor
263 1527 315 1590 est
348 1521 508 1610 hostium3
543 1523 572 1591 si
609 1521 754 1610 miseris,
789 1523 897 1592 minor
932 1528 983 1592 sst
1015 1521 1134 1594 Rome·

121 1633 247 1678 norum.
657 1633 658 1636 ¹

31 1722 55 1764 e
68 1715 108 1756 ικ
190 1695 295 1763 ¹Anno
313 1695 356 1763 ub
374 1698 454 1764 urbe
472 1698 603 1766 conditu
621 1715 731 1766 cucur.
749 1697 852 1765 Fabio
870 1697 1015 1765 Merimo
1032 1699 1134 1766 VDe·
1151 1705 1189 1762 ει

122 1783 172 1851 oio
191 1782 283 1850 Mure
301 1785 355 1850 ῑῑῑι
379 1785 568 1852 oonsulibus
586 1790 741 1873 quattuor
757 1785 929 1853 fortissimi
947 1786 1135 1854 florentissi-

121 1874 229 1960 mique
240 1871 354 1940 Ituiiss
368 1874 480 1961 populi
495 1874 529 1941 iu
542 1896 643 1941 unum
657 1895 776 1962 agmen
789 1874 965 1960 foedusque
979 1875 1135 1944 coierunt

82 1979 110 2022 so
123 1982 265 2048 numque
284 1959 416 2029 Etrusci
434 1960 551 2030 Vmbri
570 1961 732 2030 Samnites
755 1967 789 2029 et
806 1961 895 2030 Gulii
917 1985 981 2031 uuo
1004 1964 1135 2051 agmine

122 2047 539 2208 i⁰n⁸piiiit⁰iuR⁰m⁰⁸
561 2051 670 2158 delere
683 2051 1171 2210 'ooutstli‘fflthttzeuffliuotiu

146 2162 186 2209 oo
287 2161 307 2207 o
389 2162 561 2209 munorum
592 2164 692 2209 unrmr
725 2165 743 2208 e
878 2164 917 2209 so
1064 2166 1138 2211 uem

124 2234 188 2314 est,
219 2251 279 2298 neo
311 2229 383 2297 rusi
415 2235 493 2297 sunt
523 2235 629 2298 totum
661 2253 792 2316 spsrsrs
824 2232 863 2299 do
890 2231 1028 2300 uiribus:
1059 2233 1136 2302 dolo

125 2319 263 2386 diuisers
285 2318 408 2405 hostes,
430 2319 533 2386 tutius
555 2321 620 2388 ruti
641 2321 789 2406 pluribus
812 2342 847 2387 ss
868 2321 963 2389 bellis
982 2322 1137 2409 inpliosre

84 2425 110 2469 ss
124 2429 223 2495 quem
250 2408 414 2495 grauibus.
458 2408 569 2496 itsque
596 2431 684 2494 oum,
710 2409 903 2512 quibusdem
926 2409 993 2478 suis
1016 2411 1057 2477 ed
1080 2423 1172 2500 pou

123 2495 284 2585 puluudos
302 2497 440 2565 hostiles
459 2517 558 2586 egros
571 2496 606 2565 in
617 2497 789 2566 Vmbnsm
802 2497 1031 2588 Etruriamque
1045 2521 1136 2588 prus·

121 2586 241 2674 missis,
262 2586 462 2656 Vmbrorum
476 2587 753 2675 Etrusoommquo
776 2589 953 2657 exereitum
971 2589 1076 2660 redire
1094 2590 1135 2658 ed

122 2677 292 2746 tuitionem
313 2697 446 2746 suorum
465 2678 658 2766 coegissent,
680 2700 752 2747 oum
767 2675 968 2748 Samnitibus
986 2684 1020 2748 et
1032 2677 1135 2748 Gellio

28 2783 29 2792 ¹
121 2767 244 2834 bellum
267 2767 350 2835 inire
371 2771 597 2856 properarunt
629 2767 663 2836 in
686 2788 750 2856 quo
773 2767 860 2836 bello
879 2790 952 2837 eum
966 2767 1172 2839 Gullorums

28 2921 29 2950 ἶ
82 2873 110 2917 so
122 2856 245 3012 {iugem
263 2855 403 3011 Ithqumsui
421 2864 643 3013 przmereutur
659 2856 780 3012 Dfieoiqs
798 2857 1060 3015 cousuissooisss:
1075 2865 1135 2927 est

28 2991 53 3018 2,
147 2966 241 3012 urus
337 2967 377 3014 en
427 2967 535 3013 osm
710 2967 842 3014 eoreuue
951 2969 1008 3015 ss
1083 2969 1134 3016 em

122 3031 254 3100 taudem
276 3033 365 3103 uicit
397 2967 812 3122 ioproeliiniriadngint·
829 2969 921 3104 miiis
937 2968 1170 3105 Summitiumu

28 3121 30 3182 t
122 3122 191 3189 siue
214 3120 384 3189 Gallorum
410 3145 518 3209 cesse,
545 3123 767 3192 Romanorum
794 3145 873 3192 uero
895 3131 1021 3211 septem
1043 3125 1134 3194 milis

28 3213 30 3292 ᾗ
62 3236 65 3246 ·
122 3211 161 3276 or
182 3205 276 3277 Deoii
302 3211 529 3280 tntummodo
555 3217 648 3299 purte
676 3214 732 3302 qui
755 3213 880 3281 occisus
903 3218 955 3281 est
976 3213 1135 3283 exstineto

31 3325 55 3366 s
68 3315 107 3358 os
121 3297 313 3368 reseruntur.
357 3299 457 3367 iirirse
478 3305 588 3368 sutem
610 3301 734 3389 ubsque
758 3297 913 3370 iEtrusuis
936 3307 970 3371 et
992 3301 1171 3391 Vmbriqo

80 3403 107 3448 se
121 3408 202 3546 guo·
237 3391 312 3454 estu
343 3389 484 3458 Romuui
515 3389 601 3459 bello
632 3396 864 3477 suoesusrunt,
900 3389 1069 3459 Gallorum
1100 3398 1135 3460 et

144 3475 314 3545 smuitium
336 3478 482 3567 peditum
506 3495 575 3548 oxu
598 3479 690 3550 milio
711 3495 867 3570 ccum,
888 3479 1034 3570 equitum
1057 3503 1135 3553 uero
