2806 3788
219 145 285 213 108
466 147 574 202 Pffld
591 146 715 202 0308ss
730 145 981 201 msuomvn

215 291 284 358 iam
306 311 366 358 nen
389 289 620 376 sepeliebatur:
643 291 735 358 cuiue
757 291 836 357 mali
857 289 992 356 nuutiue
1014 311 1087 356 cum
1109 289 1228 356 attoni·

88 443 94 451 .
214 387 286 448 tam
307 381 479 468 repentine
501 379 591 448 lnetu
614 377 846 469 Cartbnp'nem
868 378 1069 465 replenimet,
1090 399 1157 446 non
1179 399 1229 446 ae-

160 482 198 535 n
215 491 275 538 eun
296 491 336 537 ae
356 471 387 537 ei
409 475 506 557 napta
527 473 615 538 eeeet
635 471 768 538 turbata
789 468 906 538 einitae
925 469 997 538 luit
1029 467 1140 537 omnia
1157 467 1229 535 nlu-

214 558 338 626 latibus
368 559 603 646 personabant,
638 557 768 626 elauaae
799 559 918 646 ubique
949 559 1080 643 ianuae,
1110 561 1229 624 cuncta

213 647 346 735 publiea
362 647 555 737 priuataque
574 647 680 717 offitia
697 648 859 733 damnata,
878 647 1022 715 uninerai
1041 645 1081 714 ed
1096 649 1228 733 portum
1253 661 1268 706 ι

215 735 392 804 decurrunt
413 737 674 826 egredientesque
692 737 732 804 de
749 737 890 806 nauibua
909 735 1048 823 lpaueot,
1070 735 1125 822 qui
1144 733 1228 802 eladi
1240 761 1263 804 a
1277 749 1319 794 ιιι

161 837 199 888 1⁸
218 825 454 911 anperluerant,
471 825 511 892 de
529 825 597 892 auia
614 829 857 911 percontentur.
887 829 1062 912 postquam
1081 825 1120 890 de
1138 823 1229 890 elude

216 933 359 996 enorum,
379 913 563 980 taeentibue
581 912 648 979 illie
666 913 720 980 uel
738 911 952 1001 gementibus,
974 911 1085 978 miseri
1102 909 1229 977 intelle·

217 1004 310 1090 gunt,
321 1004 401 1068 tune
413 1005 485 1070 tuto
498 1001 594 1068 litere
606 1001 834 1090 plangentium
845 1021 949 1086 voees,
963 1004 1042 1068 tune
1050 997 1229 1067 infelicium

161 1103 199 1156 u
216 1093 360 1157 mabam
380 1090 525 1158 ululatur
547 1094 583 1157 et
598 1090 724 1158 flebilee
743 1089 906 1179 querellae
923 1088 1147 1156 audiebantur.
1179 1086 1228 1153 iu·
1241 1104 1270 1147 ιο

216 1181 269 1245 ter
293 1177 374 1245 baee
400 1178 547 1265 preeedit
567 1181 602 1244 et
623 1179 694 1266 ipae
715 1178 755 1246 de
777 1179 855 1245 naui
878 1199 938 1245 aua
959 1178 1137 1264 imperator
1158 1197 1227 1244 eor·

215 1265 292 1332 dida
314 1266 486 1355 eeruilique
507 1267 619 1334 tunica
636 1265 826 1352 dieeinetue3
848 1267 889 1333 ad
907 1265 998 1334 tuine
1017 1268 1227 1353 eenepeetum

215 1355 405 1444 plangentia
426 1355 608 1444 iunguntur
629 1357 775 1445 agminaq
802 1356 874 1441 ipre
917 1376 1024 1442 unque
1045 1375 1162 1420 manue
1185 1351 1227 1419 ed

134 1477 137 1483 ·
215 1443 342 1512 eaelum
367 1443 502 1513 tendens
527 1466 614 1513 nune
641 1467 733 1513 enam
760 1465 847 1512 nune
868 1465 913 1532 pu
935 1443 1032 1512 licam
1055 1441 1228 1510 infelicita-

160 1547 199 1600 ιι
215 1535 284 1600 tem
309 1537 440 1600 aeeueat
465 1539 499 1600 et
524 1533 635 1619 dedet3
666 1532 708 1600 ed
733 1538 935 1620 pontremum
961 1530 1146 1600 uociferans
1169 1552 1228 1617 per
1241 1547 1268 1592 ιι

214 1621 343 1707 urbem,
363 1621 496 1689 tundam
516 1623 683 1710 ingreeeur
705 1622 851 1708 domum,
880 1624 1028 1701 cuncter,
1055 1619 1111 1706 qui
1134 1619 1227 1685 leeri-
1355 1697 1361 1712 ¹

215 1715 343 1778 mantea
397 1711 665 1798 insequebantur,
700 1710 817 1779 ultimo
848 1708 973 1778 dimieit
1002 1707 1157 1794 adloquio
1190 1727 1228 1774 ae
1345 1697 1371 1772 Α

214 1797 330 1867 deinde
355 1819 376 1867 u
472 1800 517 1867 tie
540 1798 647 1867 ianuis
668 1798 871 1887 erelueieque
893 1799 994 1868 etiam
1016 1795 1093 1864 filiie
1115 1795 1227 1884 gladio

214 1885 359 1955 delerem
376 1889 544 1975 uitamque
560 1888 680 1956 finiuit
705 1888 786 1956 bne
799 1887 894 1954 Darii
911 1885 1114 1973 temporibne
1132 1888 1228 1972 geete

32 2007 33 2040 l
215 1981 303 2042 ml.
1239 1989 1268 2032 Ν

32 2077 33 2090 ’
160 2077 199 2132 ιο
282 2063 363 2133 Puet
382 2063 464 2133 baeu
484 2063 614 2151 Hanno,
634 2062 687 2132 uir
709 2063 841 2152 quidam
862 2059 1140 2150 Carthaginiensis
1161 2058 1226 2147 pri·

214 2152 301 2220 uatia
332 2153 448 2241 oprbue
479 2153 677 2241 reipublieae
708 2153 796 2220 uiree
823 2173 994 2239 anperene,
1024 2149 1246 2232 inuadendae

214 2239 445 2309 domnanonie
480 2241 592 2310 baueit
627 2241 847 2328 cupiditatem.
896 2239 948 2306 eui
979 2239 1026 2306 rei
1057 2237 1227 2306 eonsilium

214 2330 297 2397 utile
313 2333 405 2398 ratur
422 2333 483 2417 eet,
499 2334 538 2397 ut
556 2328 718 2397 eimulatie
735 2329 850 2396 unicae
868 2328 954 2395 tiliae
971 2327 1095 2414 nuptiie
1113 2347 1227 2395 omnen

216 2422 393 2505 nuatum,
414 2441 552 2506 quornm
571 2418 765 2506 dignitatem
781 2417 985 2485 ebetaturam
1003 2415 1140 2504 inceptis
1159 2415 1226 2482 ruia
1239 2431 1267 2476 ιι

160 2506 453 2592 uentitabant,
478 2508 565 2574 inter
591 2507 710 2592 poeula
735 2526 862 2572 ueneno
884 2509 1024 2572 necaret
1069 2524 1152 2592 qnae
1173 2523 1227 2570 ree

115 2652 130 2668 .
212 2615 273 2680 per
297 2593 465 2661 minietroe
491 2593 624 2681 prodite
650 2595 720 2660 eine
747 2592 872 2659 ultione
898 2591 1004 2658 nitate
1029 2595 1093 2674 eet,
1123 2611 1166 2657 ue
1192 2591 1228 2655 in

212 2683 287 2749 niro
318 2681 444 2768 potenti
473 2682 548 2769 plue
579 2681 704 2768 negotii
735 2681 858 2746 lauemt
887 2699 940 2744 ree
970 2677 1103 2764 unguite
1128 2698 1228 2763 quam

213 2768 608 2944 ffifflneilirp
626 2766 951 2939 elmtianmo'ff
965 2764 1227 2920 mapbinamentg
1239 2869 1267 2912 η

610 2877 724 2924 :nerui
788 2875 880 2923 cunei
979 2875 1013 2920 ur
1036 2873 1082 2924 ue
1292 2913 1293 2917 ,

150 2959 200 3014 ἰο
215 2945 382 3016 ineuntem
407 2879 751 3035 mbempaorppdmm
796 2941 853 3012 ead
875 2876 1046 3013 eumqunte
1069 2871 1227 3008 sm
1328 2983 1329 2988 =

217 3033 377 3106 ¹‹laedibue
398 3035 485 3104 diem
506 3035 672 3124 proditum
694 3055 730 3102 ee
749 3037 1028 3123 praeuentumqne
1048 3029 1227 3098 intellexti·
1239 3059 1263 3102 ι
1275 3045 1316 3091 ⁸⁸⁸

57 3163 59 3166 ·
153 3197 158 3205 ,
216 3128 278 3214 eet,
297 3123 467 3193 entellum
490 3123 652 3214 quoddam
674 3143 749 3192 eum
770 3123 804 3190 ui
831 3122 891 3190 'nti
908 3122 1041 3190 milibus
1059 3140 1228 3188 neruorum
1369 3171 1371 3184 .

164 3227 199 3280 ιι
217 3215 354 3283 mbr
380 3214 559 3302 ueaupatit
602 3212 649 3282 rbi
675 3212 753 3282 dum
821 3233 876 3280 roe
902 3231 1076 3302 regemque
1098 3207 1228 3278 Mauro·
1370 3223 1371 3290 l

101 3321 104 3326 '
218 3323 294 3371 rum
309 3303 462 3390 eeneitat,
478 3307 594 3392 eaptue
611 3307 664 3371 eet
681 3323 721 3369 ae
732 3302 840 3390 primu
853 3302 958 3389 uirgis
971 3322 1094 3387 meam,
1111 3297 1227 3366 deinde
1240 3317 1268 3363 ιι
1370 3337 1371 3352 1

220 3389 346 3458 edeeaie
366 3391 470 3460 eeulie
491 3396 526 3460 et
547 3392 707 3462 muuibna'
721 3391 932 3478 eruribueque
952 3389 1076 3476 laetiq
1096 3387 1189 3456 uelut
1206 3411 1228 3457 a
1370 3389 1371 3456 i

222 3477 358 3564 unua·
373 3481 528 3549 nunu·
545 3503 653 3569 poen·
666 3479 860 3570 «namur,
877 3479 912 3546 u
925 3475 1228 3564 emembrari
1370 3467 1371 3558 ὲ

1370 3617 1371 3654 l
