2826 3784
275 183 340 248 148
400 237 401 242 r
517 186 627 239 rsvm
643 185 766 240 onosn
783 185 1032 240 meromvn

224 337 229 345 '
270 324 414 413 depulsis
436 323 588 394 hostrhus
609 324 762 394 liberauit
783 330 817 393 et
836 325 872 393 iu
894 324 1091 395 deditionem
1114 347 1188 394 oum
1210 326 1279 412 plu·

269 414 361 481 rimis
379 414 454 481 uliis
472 415 614 482 castellis
631 416 762 502 recepit.
796 415 875 483 iecit
891 415 1019 484 fucinus
1037 416 1137 484 etism
1155 413 1279 482 ultimis

270 502 418 569 bsrbsris
435 500 598 589 Scythice,
619 525 685 570 non
702 503 808 570 dicum
830 503 996 571 Romnum
1018 503 1094 570 fidei
1117 508 1152 571 et
1173 503 1280 572 mode·

269 590 399 675 ustioni,
412 591 617 658 exsecrsbils
643 591 829 746 quingentis
843 592 929 658 enim
942 591 1144 678 principibus
1157 613 1280 678 eornm,

74 677 79 701 ⁴
157 709 159 714 ·
235 713 240 720 ·
269 699 350 766 quus
367 677 522 747 sooishte
539 676 717 747 inuitatos¹
742 678 894 748 editionis
911 678 980 747 iure
998 683 1193 767 susceperat,
1211 701 1279 747 mu·
1296 705 1319 747 s
1332 695 1373 741 sss

268 788 331 834 nus
353 768 517 853 proscidit
1290 785 1305 829 s

71 834 77 938 J
215 867 252 917 rs
336 854 507 956 Pompeius
535 856 699 940 sequentis
721 855 799 922 unni
822 856 934 924 consul
957 856 1037 924 fines
1059 855 1277 924 Numantino·

267 962 342 1007 rum
368 961 534 1026 ingressus
563 947 695 1028 eccepto
722 941 864 1008 murima
893 941 983 1010 clu‘de
1015 943 1179 1028 discessit,
1209 963 1278 1010 nou

268 1027 375 1132 solnm
390 1027 548 1132 'mercitu
579 1051 679 1117 pssne
711 1029 800 1132 omni
830 1029 1006 1183 Pf⁰ffif⁸i⁰
1036 1050 1149 1096 uerum
1178 1029 1277 1098 etism

71 1197 75 1214 ἱ
266 1116 418 1204 plurimrs
434 1116 601 1202 nobrhum,
618 1117 674 1204 qui
693 1117 725 1185 ci
742 1117 879 1184 mrlibso
897 1140 918 1184 ι
939 1122 1042 1202 erent,
1063 1117 1318 1204 interemptione

68 1254 75 1334 ἱ
212 1215 251 1270 u
333 1203 480 1274 Viriatus
502 1208 611 1273 sutem
633 1227 707 1274 oum
730 1227 789 1294 per
810 1205 1067 1295 qnettnordecim
1090 1227 1195 1274 unuos
1212 1205 1277 1275 Ro·

266 1316 382 1362 numos
403 1294 501 1363 duces
522 1299 620 1385 utque
642 1295 801 1363 exercitus
824 1295 1044 1382 protrinisset,
1074 1295 1201 1363 insidiis
1224 1317 1277 1364 eu·

265 1402 361 1450 orum
381 1382 570 1451 interiectus
592 1389 658 1467 est,
679 1384 715 1451 in
737 1385 800 1451 hoo
821 1385 892 1451 solo
915 1383 1072 1452 Romanis
1095 1385 1181 1452 circu
1202 1406 1277 1452 enm

264 1471 586 1628 fflfflffifflu&
603 1472 689 1560 quod
702 1493 909 1559 percussores
927 1472 997 1541 eius
1014 1473 1168 1558 indiguos
1185 1494 1277 1560 prus·
1291 1576 1318 1620 u

68 1694 74 1728 2
210 1657 248 1712 rs
331 1647 379 1715 At
399 1669 462 1736 ego
483 1670 550 1717 non
568 1648 778 1734 modorum,
800 1670 913 1716 uerum
936 1647 1035 1716 etiem
1058 1669 1155 1733 sseps
1177 1647 1278 1716 inter·

263 1742 372 1805 tcxers
393 1739 528 1806 orientis
553 1737 611 1805 illu
632 1737 873 1806 inextricsbiliu
894 1737 982 1805 bellu
1002 1742 1165 1824 peterem,
1194 1758 1277 1824 quse

263 1846 339 1892 roro
361 1847 515 1914 umqum
537 1826 604 1893 nisi
626 1826 801 1894 sceleribus
825 1832 884 1893 snt
905 1826 1066 1912 incipiunt
1089 1829 1146 1892 eut
1168 1827 1276 1892 termi-

262 1915 397 1999 mem
419 1913 476 1981 scd
499 1912 730 2001 Romanorum,
752 1935 826 1981 cum
849 1914 966 2002 quibus
990 1913 1085 1980 nobis
1109 1913 1195 1980 ectio
1218 1916 1278 1999 est,

225 2053 227 2058 ,
263 2005 358 2071 tento
378 2007 470 2088 sunt,
494 2007 531 2070 ut
552 2003 622 2071 iurs
644 2001 856 2071 fastidiuntur
878 2002 994 2071 eliens„
1288 2020 1316 2063 ss

81 2109 84 2149 1
211 2101 248 2155 rs
332 2089 541 2158 Mithridates
566 2096 646 2159 tuuc
672 2091 846 2179 siquidem,
868 2112 924 2159 rex
946 2088 1143 2159 Parthorum
1165 2095 1276 2158 sextus

267 2179 310 2245 sb
327 2178 459 2264 Arssce,
477 2181 566 2247 nicto
584 2180 742 2247 Demetrii
760 2179 925 2266 prueiecto
943 2179 1147 2265 Babylonem
1165 2178 1277 2247 urbem

264 2267 411 2354 finesque
439 2268 509 2335 eins
539 2267 707 2336 uniuersos
733 2267 840 2335 uictor
865 2267 996 2335 inussit
1041 2287 1156 2334 omnes
1185 2288 1277 2354 prue-

265 2359 356 2421 tcres
377 2357 506 2442 gentes,
528 2378 612 2444 qnae
634 2357 721 2422 inter
742 2354 923 2442 Hydsspeu
944 2354 1080 2422 fluuium
1104 2358 1139 2422 et
1159 2353 1277 2422 ludum

264 2443 385 2529 ineunt,
407 2466 445 2511 su
512 2445 544 2513 't
580 2442 622 2512 sd
640 2443 769 2512 ludium
791 2464 917 2531 quoque
939 2446 1109 2511 cruentum
1131 2443 1317 2511 extendite

61 2511 82 2654 j?
211 2541 250 2597 ιτ
266 2531 450 2619 imperium.
543 2533 694 2602 metrium
721 2533 829 2619 ipsum
856 2532 997 2600 secundo
1024 2531 1087 2599 sibi
1114 2531 1200 2600 bello
1223 2554 1277 2601 oc·

264 2625 450 2690 tumentem
471 2622 553 2691 uicit
574 2625 609 2690 st
630 2621 731 2710 cepit:
753 2642 818 2710 quo
841 2625 938 2708 cepto
960 2620 1123 2690 Diodotus
1145 2621 1278 2708 quidem

63 2759 69 2784 ι
263 2734 339 2782 cnm
367 2707 552 2782 Mmsndro
581 2711 650 2780 filio
679 2732 816 2801 regnum
844 2711 915 2779 sius
943 2714 978 2779 et
1003 2709 1130 2799 regium
1157 2729 1278 2778 nomen

62 2841 68 2873 ι
209 2811 247 2866 1⁸
264 2802 441 2890 usurpsuit
473 2801 530 2890 qui
551 2806 669 2890 postes
690 2799 799 2889 ipsum
812 2800 1034 2869 Alexnndrum
1046 2798 1158 2887 fliium,
1180 2821 1277 2888 quem

263 2891 455 2996 putioipem
476 2890 611 2979 periculi
631 2891 667 2959 iu
689 2889 896 2980 perundendo
917 2911 1020 2995 regno
1043 2889 1212 2976 hebuerut,
1234 2911 1275 2958 ne
1288 2905 1317 2950 υ

63 3008 66 3017 ·
262 2981 299 3048 in
320 2979 497 3050 obtinendo
519 2985 705 3050 consortem
726 2979 877 3066 heberet,
899 2979 1027 3048 occidit

61 3078 65 3115 ²
211 3081 249 3136 ns
330 3069 377 3138 hi.
393 3070 535 3140 Aemilio
552 3069 675 3161 hspido
697 3067 734 3139 0.
750 3069 893 3140 Bostilio
915 3067 1068 3138 hdsncino
1090 3067 1276 3138 oonsulibus

59 3143 65 3176 ’
262 3159 415 3250 prodigis
435 3183 614 3249 sppsruers
638 3159 775 3229 'diuerso
796 3165 839 3248 st,
861 3162 1022 3248 quantum
1042 3159 1079 3228 in
1100 3157 1180 3246 ipsis
1203 3157 1276 3245 init,
1288 3168 1311 3210 ὓ
1325 3155 1365 3202 ¹⁸⁸

266 3270 309 3317 ex
328 3272 420 3319 more
442 3253 557 3319 cursts
577 3252 664 3319 sunt
708 3250 766 3318 sed
786 3273 854 3318 non
876 3269 1004 3336 semper
1025 3247 1278 3336 suoupetoribus

231 3381 233 3384 -
266 3343 443 3410 montrum
464 3345 499 3410 st
521 3338 737 3409 structoribus
754 3337 958 3409 inihoinrum
976 3337 1203 3428 haruspicibus
1221 3359 1277 3427 op·
1290 3354 1318 3399 υ

50 3365 65 3469 ¹}
213 3441 253 3496 ¹0
267 3431 400 3520 portuui
421 3452 517 3500 ossus
537 3430 768 3536 suffrsgsntur.
811 3450 950 3536 numquc
972 3427 1148 3534 Mnncinus·
1164 3427 1277 3498 consul

60 3540 64 3594 ὶ
264 3523 438 3607 postquem
465 3542 486 3589 s
511 3518 640 3607 Poprlro
666 3518 753 3609 spud
779 3517 995 3588 Numsntrem
1023 3523 1166 3606 susosprt
1191 3539 1278 3587 exer·
