2826 3784
385 165 933 224 munusturaoauoevre.1o.
1100 161 1164 230 173

152 309 264 377 urbem
291 309 452 395 consedit,
479 309 536 378 ubi
563 308 748 378 Gratidium
776 307 873 378 Marii
899 309 1044 398 legatum
1071 309 1165 396 quasi

151 396 290 488 primam
308 397 476 466 uictimam
494 397 573 467 belli
590 399 697 468 ciuilis
715 399 844 486 occidit,
865 419 942 466 mor
960 397 1074 466 urbem
1093 418 1166 466 cum

151 487 292 557 exercitu
319 487 460 576 inrupit,
485 487 573 558 isoes
604 487 645 557 ad
671 489 942 558 inflammandam
969 487 1083 556 urbem
1109 509 1167 594 po·

150 579 265 667 poscit.
309 579 460 646 omnibus
483 582 572 646 metu
595 577 725 665 abditis,
748 600 807 667 per
829 577 963 646 Sacram
986 579 1075 646 nium
1097 579 1164 646 orto
1261 593 1265 599 '

60 685 136 739 »ιιι
150 666 280 752 agmine
308 666 342 732 iu
369 664 486 734 iolrum
508 667 606 734 uenit
652 665 776 734 Mariua
799 689 873 735 cum
896 687 1084 752 permonere
1107 670 1199 733 uod

121 754 324 838 utilitatum,
350 754 553 822 inflammare
575 753 718 840 plebem,
748 759 930 841 equestrem
951 753 1089 841 denique
1112 776 1163 821 or·

149 843 257 910 dinem
274 863 459 948 perarmare
472 841 628 946 aduersus
643 841 769 948 Syllam
781 841 905 910 frustra
918 841 1165 929 adtemptusset

83 1029 86 1036 ·
148 931 795 1108 rllztll.‚·⁰llczlll¹tttd
821 929 1166 1106 lttlrellml

109 1129 136 1172 ιι
149 1105 348 1194 Capitolium
371 1109 539 1176 concessit
584 1109 642 1176 sed
668 1130 742 1176 cum
769 1131 807 1177 ao
831 1107 985 1193 Syllanue
1013 1109 1165 1176 cohortos

148 1197 338 1282 irruissent,
368 1207 490 1286 magna
518 1219 651 1265 auorum
683 1196 782 1266 caede
813 1196 953 1284 diffugit.
1002 1195 1051 1264 ibi
1083 1200 1198 1264 tuno⁰

148 1283 310 1371 Sulpicius
329 1285 424 1354 Marii
450 1285 578 1374 collega
600 1307 694 1354 sarno
718 1309 777 1354 suo
799 1285 957 1373 prodente
978 1289 1162 1372 prostratus

148 1378 211 1460 est3
247 1397 378 1442 seruum
408 1397 487 1443 ucro
518 1375 640 1460 ipsum,
679 1375 766 1462 quod
797 1375 924 1444 hostem
956 1374 1165 1460 indicauerat,

150 1463 346 1552 manumitti,
368 1464 454 1555 quod
477 1487 555 1534 uero
578 1463 746 1534 dominum
767 1462 962 1553 prodiderat,
985 1485 1064 1532 saxo
1086 1462 1165 1532 Ται-

113 1575 139 1618 n
151 1553 225 1644 peio
249 1554 332 1624 deici
359 1557 509 1663 consules
532 1553 750 1663 decreuerunt
796 1553 918 1625 ldarius
940 1554 1070 1662 fugiens
1092 1563 1201 1662 euml

149 1643 1169 1824 “lltllllllrllilltrtllstptzultr*ntulit

152 1823 221 1891 luto
250 1825 372 1892 oblitus
401 1824 599 1913 ignominioa
640 1845 680 1892 ue
709 1829 909 1912 protreotus,
938 1825 1026 1912 turpi
1055 1829 1166 1893 autem

152 1914 337 1998 spectaculo
367 1913 551 1980 Minturnas
580 1847 736 1982 diductus
765 1919 1000 2000 contrususque
1031 1913 1067 1981 in
1097 1935 1168 1981 oar·

111 2018 139 2062 ιι
152 2021 258 2067 cerem
290 2022 512 2086 percussorem
539 2000 581 2068 ad
609 2022 643 2069 se
673 2001 809 2070 missum
838 2001 910 2070 solo
939 2001 1034 2069 uultu
1065 2005 1166 2069 exter·

151 2088 228 2155 ruit
272 2087 386 2156 deinde
413 2089 526 2176 lapsus
554 2111 572 2156 e
598 2089 738 2156 uinculis
761 2091 796 2157 in
819 2091 963 2156 Africam
987 2088 1202 2177 transfugitt

144 2175 391 2263 sollicitatoque
415 2199 454 2244 cx
477 2176 576 2244 Vtica
597 2176 681 2263 lilio,
708 2178 765 2245 ubi
788 2179 822 2244 in
846 2177 995 2246 custodia
1016 2179 1167 2246 obserua-

145 2266 263 2352 ¹batur,
289 2266 444 2334 continuo
467 2265 606 2334 Romam
634 2287 802 2355 regressus
825 2265 946 2335 Cinnae
969 2267 1095 2335 consuli
1117 2290 1171 2335 so·

152 2353 270 2424 uirtute
297 2355 454 2424 scelerum
480 2355 673 2425 coniunctus
701 2361 761 2424 est
806 2355 909 2445 igitur
931 2353 973 2424 sd
996 2355 1205 2446 profligunt

67 2475 89 2514 ι.
102 2462 142 2506 ιιι
157 2442 241 2513 *dem
253 2445 438 2514 uniuersum
451 2447 686 2535 rempublicam
700 2446 877 2514 exercitum
890 2447 953 2514 sibi
966 2446 1002 2515 in
1016 2453 1172 2535 quattuor

116 2551 143 2596 ιι
155 2534 473 2623 purtesdiuiseruut
509 2540 577 2603 tres
596 2535 756 2623 siquidem
780 2535 925 2624 legiones
943 2535 1048 2604 Morio
1067 2535 1171 2623 datae,

154 2625 242 2712 porti
265 2624 432 2711 copiarum
450 2623 508 2694 On.
521 2621 628 2693 Gerbo
645 2625 851 2713 praepositus
875 2629 935 2712 est,
956 2629 1083 2714 partam
1101 2623 1172 2694 Ser·

154 2713 259 2781 torius
288 2713 426 2802 accepit,
452 2713 508 2782 ille
539 2713 666 2783 scilicet
687 2713 864 2802 Sertorius,
890 2715 956 2783 iarn
984 2713 1037 2782 hic
1063 2715 1171 2785 ciuilis

155 2803 234 2870 belli
256 2803 405 2872 incentor
428 2810 462 2872 ct
483 2803 656 2891 particeps,
679 2803 734 2890 qui
758 2803 857 2872 ctiam
879 2804 943 2872 hoc
965 2803 1059 2872 linito
1082 2804 1171 2874 aliud

118 2912 145 2955 ao
158 2898 234 2980 post
260 2893 296 2960 in
323 2893 483 2982 Hispanis
511 2893 632 2960 bellum
659 2893 828 2973 excitauit,
857 2891 945 2981 quod
971 2895 1172 2980 permultos

157 3003 259 3050 annos
292 2981 442 3050 maximis
472 2982 695 3050 Romanorum
727 2981 873 3050 cladibus
905 2982 1015 3050 traxit
1067 2989 1174 3052 catera

155 3092 234 3140 uero
258 3071 418 3140 exercitus
435 3071 544 3159 portio
563 3068 702 3139 Cinnam
719 3073 832 3138 secuta
850 3075 908 3138 eat
944 3091 1042 3156 porro
1060 3077 1172 3141 autom
1191 3083 1225 3136 no

157 3155 217 3227 Gn.
238 3159 426 3248 Pompeius,
453 3160 510 3248 qui
538 3183 560 3227 a
586 3165 701 3228 senatu
729 3179 802 3227 cum
826 3159 967 3228 exercitu
990 3161 1174 3250 amessitus,

157 3251 196 3314 nt
212 3247 412 3334 reipublicae
429 3249 653 3334 opitularetur,
675 3252 710 3315 st
727 3247 781 3314 diu
799 3270 870 3316 sese
887 3271 1047 3318 nouarum
1064 3273 1173 3319 rernm

118 3351 146 3394 ιι
160 3334 613 3490 :geffloffffssndm‘
630 3339 836 3491 copltsmptus
850 3359 871 3404 a
884 3337 1173 3494 Μιῃῷοῃὶιοὲϋθίιιιιιι

309 3445 342 3489 ιιι
493 3445 565 3490 rum
592 3445 670 3492 cons
706 3445 758 3491 am
786 3445 942 3494 aeaecon
1095 3451 1172 3498 mor

158 3528 232 3575 cum
255 3506 399 3576 Sertorio
422 3509 578 3577 conflixit
618 3511 778 3578 infelicem
801 3533 946 3599 pugnam
968 3514 1173 3586 intaurentur
1191 3529 1224 3580 ιι
1254 3551 1256 3556 -
1358 3545 1364 3562 ·
