2714 3788
78 157 110 200 m
189 129 324 198 erebus
347 129 461 233 gestis,
483 128 664 198 Seleuciam
683 129 836 217 Assyriae
855 130 970 198 urbem
993 151 1090 216 super

79 221 132 309 Hy
154 239 256 307 aspen
285 219 420 287 flumen
450 219 547 286 sitam
578 241 651 286 enm
682 219 927 307 quadringentis
958 219 1090 286 milibus

78 309 244 376 bominum
277 307 365 394 oepit
395 315 430 376 et
460 329 534 375 eum
566 307 667 375 fratre
699 309 738 374 de
769 308 909 376 uictoria
939 307 1092 374 Parthica

78 395 306 481 triumphauit,
334 415 372 462 aa
398 417 466 462 nou
493 395 599 462 multo
622 399 710 482 post,
738 397 815 462 dum
838 417 911 461 enm
934 396 1034 462 tratre
1056 395 1092 460 in

53 484 228 552 suebioulo
256 485 359 568 sedet,
387 505 463 550 essu
491 483 611 569 morbi,
640 505 735 571 quem
759 483 950 571 apoplexian
975 481 1092 550 Graeni

79 578 211 658 uocant,
234 571 410 640 suffocatus
433 571 567 639 interiit.
1257 653 1260 666 .

144 661 195 729 Flo
221 661 374 728 defuneto
402 660 531 728 Marcus
560 659 747 729 Antoninus
778 659 868 727 solus
895 659 1128 746 reipublicaet

79 749 227 838 praefuit.
273 750 330 816 sed
359 749 394 815 in
425 749 538 816 diebus
570 748 713 816 Parthini
742 748 822 816 belli
851 747 1091 836 persecutiones

79 839 338 907 Christianorum
361 843 478 925 quarta
501 838 568 905 iam
592 842 668 925 post
685 835 850 905 Neronem
868 837 939 904 nire
957 837 992 904 in
1011 837 1092 905 Asia

41 946 66 990 11
78 935 111 996 et
126 928 161 994 in
179 925 288 994 Gallia
305 949 422 1016 graues
440 933 612 1015 praesepto
631 927 699 995 eius
718 927 915 996 exstiterunt
932 927 1090 1013 multique
1187 943 1197 960 ⁰

79 1021 263 1086 sanatorum
296 1018 455 1104 martyrio
487 1017 636 1085 eoronati
668 1023 752 1084 sunt
798 1021 909 1084 secuta
936 1020 987 1083 est
1018 1017 1125 1084 lueet

41 1107 234 1195 ssplurilmis
257 1105 365 1173 inlusa
386 1106 571 1193 prouinciis,
594 1110 762 1193 totamque
784 1105 913 1173 Italiam
936 1105 1087 1193 pestilen-

77 1196 125 1262 tie
146 1200 240 1262 tauta
259 1195 411 1280 uastauit,
434 1200 472 1261 ut
488 1193 612 1281 poesim
632 1195 739 1279 uillae,
762 1195 834 1284 agri
852 1199 949 1281 atque
967 1193 1088 1281 oppida

78 1283 148 1350 sine
171 1283 293 1351 onltore
317 1289 414 1370 atque
436 1282 621 1351 habitatore
644 1284 772 1350 deserta
793 1285 829 1349 in
847 1283 957 1350 ruinas
976 1283 1090 1350 siluas-

41 1389 65 1432 11
78 1395 139 1460 que
152 1373 380 1445 concesserint
409 1372 586 1440 exereitum
600 1393 678 1438 uero
692 1371 875 1440 Romanum
894 1375 1093 1459 cunctasque
1113 1387 1131 1437 s
1260 1383 1264 1392 “

78 1463 221 1551 legiones
244 1483 302 1549 per
319 1461 499 1618 longinsppa
517 1461 584 1528 late
602 1461 739 1528 bibema
756 1461 932 1548 dispositas
951 1461 998 1527 ita
1015 1482 1093 1528 eon·

79 1557 224 1640 sumptas
248 1551 366 1638 ierunt,
389 1556 426 1618 ut
478 1551 740 1620 areomauuieum
758 1551 890 1633 bellum,
913 1550 999 1639 qnod
1018 1572 1095 1619 oon·

80 1643 170 1708 tinuo
202 1647 350 1708 exortum
382 1646 444 1725 est,
465 1649 546 1708 'uon
575 1640 639 1707 nisi
671 1663 758 1708 nouo
789 1640 910 1708 dileotn
943 1641 1096 1725 militum,

41 1745 70 1786 tt
83 1749 178 1814 quem
206 1729 345 1795 triennio
372 1729 492 1816 iugiter
520 1726 614 1815 lapud
638 1725 853 1796 Camertium
875 1727 1004 1795 Meroua
1029 1731 1096 1794 An·

45 1833 71 1876 ¹⁰
84 1819 215 1883 touinus
238 1817 368 1901 hebuit,
395 1821 524 1904 gestum
547 1817 647 1882 luisse
670 1817 836 1883 referatur.
880 1815 944 1883 hoo
964 1816 1135 1904 quideme

84 1905 204 2008 bellum
233 1905 440 2008 prouidentia
461 1903 523 1970 Dei
551 1903 811 2008 administratum
834 1925 905 1971 esse
927 1925 1001 2007 oum
1024 1903 1096 2007 plu:

83 1991 1097 2185 {ttettltzth,ttettttttttztbsistitis

46 2168 1137 2342 ..ttetlt„:bistiliittettlitdllttt⁸

84 2343 223 2412 Vandali
243 2343 411 2413 Sarmatae
429 2345 528 2414 Suebi
550 2351 647 2433 atque
666 2346 772 2413 omnis
791 2366 894 2433 paene
912 2343 1099 2432 Germania,

85 2438 119 2499 et
140 2434 174 2500 in
198 2431 385 2511 Quadorum
412 2455 514 2520 usqne
537 2435 618 2501 linea
641 2456 832 2522 progressus
854 2434 1013 2502 exereitus
1035 2434 1097 2502 eir·

86 2527 337 2610 oumuentusque
360 2523 403 2589 ab
424 2521 574 2590 hostibus
597 2528 731 2611 propter
752 2545 909 2609 aquarum
928 2523 1099 2610 penurim

85 2611 286 2696 praesentius
310 2612 382 2680 sitis
405 2633 504 2698 quam
525 2611 631 2680 hostis
650 2611 827 2699 perieulum
846 2611 1032 2680 sustineret:
1054 2610 1140 2678 ada

47 2699 326 2768 uinuocstionem
357 2701 499 2767 nominis
532 2697 671 2782 Christi,
707 2722 806 2788 quam
837 2701 945 2770 subito
977 2721 1099 2788 magna

84 2785 159 2854 fidei
181 2787 368 2856 constantia
390 2787 522 2874 quidam
545 2787 665 2855 milites
688 2788 781 2855 elinei
804 2788 839 2854 iu
857 2809 969 2875 preses
987 2788 1097 2876 palam

84 2875 243 2962 feserunt,
274 2881 369 2944 tanta
400 2877 451 2944 uis
484 2876 615 2964 pluuiae
645 2877 747 2944 effusa
773 2881 836 2962 est,
869 2884 906 2945 nt
930 2876 1097 2946 Romanum

85 2964 213 3046 quidem
235 2964 419 3052 largissime
442 2986 481 3033 ao
508 2965 578 3033 sine
605 2965 725 3040 iniuria
750 2966 912 3053 reieoerit,
939 2964 1097 3034 barbaros

88 3053 195 3113 autem
214 3052 334 3118 crebris
351 3052 526 3119 fulminum
544 3055 663 3121 ictibus
682 3054 883 3141 perterritos,
905 3055 1095 3142 praesertim

49 3144 159 3198 “oum
182 3135 315 3218 plurimi
342 3159 454 3204 eorum
482 3140 716 3226 occiderentur,
742 3142 778 3208 iu
804 3141 919 3231 fugam
945 3142 1100 3230 coegerit

88 3238 224 3366 puerum
251 3227 344 3324 terga
373 3224 515 3292 Romani
544 3249 645 3314 usqne
674 3229 716 3295 ad
744 3229 997 3300 internecionem
1025 3233 1164 3299 eae-1⁰

109 3309 199 3368 entes
236 3307 503 3391 gloriosissimam
539 3313 708 3382 uiatoriam
740 3323 774 3383 et
809 3318 958 3387 omnibus
993 3341 1100 3406 paene

41 3647 1312 3726 m
