2744 3800
254 229 322 297 246
498 232 606 287 ram
624 232 746 287 onosn
762 232 1011 286 menolatum

252 374 391 444 neatitne
414 372 569 442 dedecore
590 395 722 462 ceryeae
744 374 933 443 citharistae
955 374 1130 463 tragoedos
1152 376 1187 441 et
1208 397 1263 442 au·

252 465 343 553 rigae
365 486 463 552 euepe
482 464 547 532 eibi
564 486 734 553 eupemae
751 463 842 532 uiuae
861 467 919 532 eet
956 462 1147 531 libidinibns
1164 485 1263 551 porro

251 554 352 621 tenth
374 553 559 642 exaffl'tutua
579 558 639 638 eet,
662 557 699 621 ut
714 574 757 620 ne
775 576 796 620 a
813 557 917 620 matre
934 552 1063 641 quidem
1082 553 1134 620 uel
1153 573 1263 621 eorore

253 641 362 710 ullane
379 641 673 730 conemguiniuu·
691 643 873 709 reuerentia
886 641 1083 709 abstinuisse
1096 640 1263 728 referatur,

80 771 84 796 r
252 729 359 798 uirum
376 730 411 799 in
428 753 561 799 uxorem
578 731 718 817 duxerit,
739 731 809 816 ipee
827 752 849 797 a
865 731 938 799 uiro
956 736 995 797 ut
1010 752 1092 798 uror
1111 735 1290 818 accepturo

80 810 83 832 ¹
209 829 230 881 ⁸
251 819 303 888 eit
334 819 480 887 luxuriae
492 841 572 889 uero
585 823 654 888 tum
673 819 847 887 effrenatam
865 820 936 906 fnit,
958 823 996 886 ut
1012 819 1137 887 retibue
1156 821 1262 886 aureie

250 909 442 994 piarentur,
463 931 547 1012 qnae
569 909 738 996 purpureis
761 909 894 976 funibus
916 908 1183 990 extrahebantur,
1205 908 1262 975 fri·

250 995 336 1083 gidiu
365 1001 400 1064 et
428 997 541 1064 cssrdiu
570 997 697 1065 leuaret
724 998 909 1084 tinguentia.
953 997 1010 1084 qui
1039 998 1139 1065 etium
1168 1019 1261 1064 num·

274 1106 351 1154 uam
383 1085 491 1152 minue
522 1085 611 1153 mille
639 1085 781 1154 canania
812 1085 989 1153 confecieee
1018 1086 1082 1152 iter
1110 1083 1260 1153 truditur.

74 1215 79 1232 ·
212 1183 231 1233 4
274 1173 390 1262 enique
403 1173 493 1240 urbia
507 1173 630 1242 Romae
648 1174 831 1243 incendium
850 1174 1029 1261 uoluptatie
1044 1196 1121 1242 uuae
1136 1179 1259 1262 epecta-
1274 1194 1302 1236 ro

249 1262 358 1329 culum
388 1261 481 1348 fecit;
510 1285 570 1350 per
599 1285 655 1331 aex
685 1263 753 1332 dieu
784 1269 969 1351 neptemque
999 1267 1112 1330 nootee
1142 1261 1259 1330 urdene

74 1334 78 1347 ’
208 1349 365 1416 eciuitae
391 1351 501 1437 regios
527 1350 620 1437 pauit
647 1355 812 1438 aupectna;
838 1351 958 1418 horrca
984 1352 1107 1438 quadro
1135 1356 1261 1419 etructa

247 1435 358 1523 lepide
378 1459 579 1524 magnaeque
602 1438 678 1505 illae
700 1442 847 1506 ueterum
870 1438 1012 1524 inuulue,
1034 1461 1117 1526 quaa
1140 1438 1260 1506 diecur·

214 1591 216 1596 ,
244 1545 320 1590 rene
338 1525 427 1592 adire
444 1527 577 1593 flamma
594 1548 662 1593 non
678 1531 818 1612 poterat,
836 1526 966 1612 magnis
984 1527 1145 1594 mechinia
1158 1549 1259 1613 quon·

245 1610 322 1677 dam
349 1610 391 1678 ad
417 1618 551 1679 externa
575 1613 663 1679 bella
689 1615 889 1699 praeparatio
917 1613 1131 1681 labefactatae
1161 1619 1300 1701 atquem

246 1697 465 1765 inflammatae
489 1705 574 1786 eunt,
596 1700 638 1766 ud
656 1705 939 1768 monumentorum
957 1700 1189 1787 bustorumque
1208 1702 1259 1767 de·

71 1782 75 1854 ῗ
212 1785 396 1852 tuereoria
420 1771 545 1853 infelici
569 1785 665 1873 plebe
692 1788 857 1874 conpulsa
901 1786 988 1875 qnod
1015 1788 1085 1874 ipae
1109 1809 1149 1856 ex
1171 1787 1259 1855 altie-

248 1872 333 1940 eima
360 1873 419 1939 illa
447 1873 695 1942 Maecenatiana
725 1880 813 1942 turre
845 1879 1057 1962 proepectune
1090 1875 1258 1962 laetaeque

70 2000 73 2041 ρ
246 1959 397 2028 flammae
423 1965 462 2028 nt
489 1961 599 2029 aiebat
623 1963 865 2048 pulchritudine
894 1962 1021 2048 tragico
1044 1962 1160 2030 habitu
1181 1962 1258 2029 Ilia·

68 2047 72 2119 ἕ
209 2048 321 2116 ldam
343 2049 547 2120 decantabat.
582 2051 740 2118 auaritiae
762 2055 872 2119 autem
895 2056 963 2117 tam
986 2056 1182 2137 praeruptae
1204 2073 1258 2116 er·
1272 2069 1299 2114 ro

69 2130 71 2171 ²
244 2138 340 2225 utilit,
362 2143 401 2206 ut
421 2143 498 2226 poet
513 2139 575 2208 hoc
593 2139 778 2208 incendium
795 2140 897 2224 urbia,
920 2161 1018 2245 quum
1036 2162 1071 2208 ee
1089 2142 1257 2229 Augustus

244 2248 284 2294 ex
312 2227 461 2295 latericia
486 2250 703 2297 marmoreum
729 2228 906 2296 reddidiuee
933 2231 1128 2314 ructauerut,
1155 2229 1257 2296 nemi·

243 2336 319 2384 nem
342 2316 383 2383 ed
401 2317 554 2404 reliquiae
572 2339 681 2384 rerum
700 2339 830 2385 enarum
850 2316 942 2385 adire
959 2317 1158 2405 permieerit;
1180 2339 1257 2385 cun·

242 2410 310 2491 cta,
338 2426 422 2493 quae
450 2405 600 2474 fiammae
630 2428 761 2494 quoquo
791 2405 888 2475 modo
918 2406 1158 2494 superfuerant,
1186 2407 1256 2493 ipae

66 2562 69 2577 ‚
206 2493 394 2580 tahetulit3
426 2493 557 2562 cealtiee
583 2500 721 2564 centena
747 2495 838 2563 milia
865 2495 1051 2563 eeuhrtium
1080 2519 1188 2564 annua
1214 2494 1257 2563 ad
1274 2515 1323 2565 ae

243 2605 403 2670 erpeneaa
430 2605 452 2656 a
477 2590 594 2653 uenatu
621 2585 762 2654 conferri
789 2585 853 2654 eibi
879 2585 1066 2673 imperauit3
1098 2585 1255 2672 plurimoe
1269 2603 1296 2646 a·

244 2675 430 2740 aenatorum
453 2672 545 2740 nulla
567 2679 714 2741 exstante
736 2695 835 2742 cauea
857 2675 953 2741 honio
975 2673 1133 2760 priuauit3
1156 2695 1256 2762 nego-

244 2759 402 2826 tiatorum
424 2761 568 2828 omnium
591 2760 653 2828 eub
675 2783 740 2830 una
762 2760 827 2847 die,
853 2762 1026 2829 tormentia
1049 2783 1177 2850 quoque
1200 2762 1255 2828 ad-

207 2845 370 2931 thrbitie,
391 2869 519 2915 omnem
542 2849 672 2935 penitne
695 2871 827 2917 cuneum
849 2849 1013 2918 ubaterrit
1054 2851 1255 2918 crudelitatis

242 2941 352 3003 autern
380 2936 471 3004 rabie
500 2937 549 3004 ite
577 2937 729 3005 efferatue
759 2945 824 3025 eet,
852 2943 890 3006 ut
918 2937 1091 3025 plurimum
1122 2943 1255 3006 eenatue
1269 2955 1296 3000 eo

241 3029 369 3110 partem
397 3025 612 3114 interfecerit,
642 3031 824 3094 cumtrem
853 3027 997 3094 ordinem
1026 3047 1131 3114 paene
1160 3026 1256 3094 deeti·

241 3111 351 3178 tuerit
395 3111 452 3180 red
479 3133 521 3180 ne
548 3114 669 3201 purrioi
692 3113 731 3181 ”e
759 3114 889 3202 quidem
916 3114 1089 3198 abelinuit,
1117 3119 1256 3182 matrem

242 3197 376 3266 hbent
404 3221 549 3269 eororam
574 3224 709 3270 uxorem
736 3209 923 3290 ceterosque
953 3225 1066 3271 omnee
1096 3207 1255 3292 cognatos

192 3295 229 3348 to
244 3291 279 3354 et
321 3286 498 3374 ropinquoe
516 3289 585 3357 eine
602 3289 819 3359 haeuitutione
837 3291 1025 3378 proatrauit
1061 3291 1153 3358 auxit
1169 3291 1256 3359 hunc

240 3394 295 3440 mo
385 3374 569 3443 facinorum
595 3377 665 3444 eiua
692 3379 859 3446 temeritau
881 3377 1058 3464 impictatis
1082 3379 1117 3446 in
1138 3378 1254 3448 Deum.
1268 3397 1295 3439 ⁸⁶

240 3481 318 3528 num
335 3460 461 3548 primae
479 3461 603 3530 Romae
623 3461 837 3532 thrietianoe
856 3465 1023 3552 eupplieiie
1042 3469 1076 3532 et
1092 3465 1254 3534 mortibus
1272 3479 1323 3534 »Αἱ

242 3549 351 3620 affecit
374 3562 415 3620 'uc
440 3573 500 3639 per
521 3573 635 3622 omnee
657 3553 842 3641 prouinciae
864 3551 936 3641 pari
956 3553 1181 3640 pereecutione
1203 3574 1255 3621 ex·

1269 3763 1323 3780 Α
