2826 3784
461 108 658 164 ADVEBSW
672 107 839 162 ricinos
857 108 882 162 V
902 112 943 164 lo.
1151 103 1214 172 163

193 251 286 319 milia
316 256 514 319 armatorum
547 252 727 321 nouissimo
756 251 843 320 bello
872 252 915 319 eb
948 248 1049 319 isdem
1081 250 1212 339 regibus

193 341 334 428 obiectu;
356 339 438 410 haec
455 363 583 432 quoque
602 363 704 431 usque
722 339 763 410 ad
781 340 1035 410 internecionem
1053 338 1212 409 liemcule

193 431 400 500 uincentibus
429 452 525 500 caesa
552 431 746 501 referuntur.
796 453 835 499 ex
866 452 906 499 ec
936 431 1087 498 Bocchus
1119 452 1211 516 spem

193 519 273 589 belli
296 519 456 607 abiciens,
482 542 595 608 pacem
622 521 740 610 petiuit
765 524 863 608 atque
890 519 926 587 in
951 520 1094 608 pretium
1122 519 1212 608 pacis

167 608 387 701 olugurtham
401 611 476 678 dolo
490 631 528 680 ca
550 615 620 679 tum
638 610 824 700 catenisque
842 609 995 678 obrutum
1013 630 1073 697 per
1086 607 1212 696 Syllam

100 718 178 773 soit
195 701 341 788 legatum
364 701 455 768 misit
477 701 519 769 ad
573 701 686 768 arium.
722 701 778 788 qui
800 701 834 768 in
852 699 1021 786 triumpho
1039 698 1124 766 undo
1141 721 1211 766 cur·
1232 700 1266 751 ¹⁰

79 853 81 856 .
193 813 267 858 rum
293 812 367 857 cum
394 789 522 858 duobus
549 790 626 858 filiis
654 789 722 857 suis
750 793 843 858 actus
871 793 905 856 et
926 809 1002 857 mcx
1024 789 1060 856 in
1082 807 1211 856 carcerc

195 879 420 970 strangulatus
443 883 503 948 est

261 969 369 1038 Isdem
391 968 506 1037 diebus
529 968 707 1038 obscenum
728 967 916 1058 prodigium
934 989 972 1036 ac
989 967 1084 1036 triste
1102 967 1210 1035 uisum
1229 966 1265 1020 ¹⁰

155 1078 182 1120 ic
195 1063 255 1126 est
300 1057 337 1128 Ic
359 1057 498 1126 Heluius
527 1078 624 1146 eques
651 1057 819 1136 Romanae
848 1080 922 1124 cum
951 1079 1052 1125 uxore
1081 1061 1116 1124 et
1144 1056 1214 1123 filia

195 1146 235 1216 de
264 1146 371 1216 Roma
399 1147 434 1215 in
463 1147 620 1235 Apuliam
649 1147 1014 1235 redimes-tempestate
1044 1150 1213 1234 correptus

195 1259 269 1305 cum
291 1236 393 1305 liliam
415 1241 659 1306 consternatam
677 1235 812 1325 uideret,
833 1239 871 1303 ut
888 1235 985 1304 citius
1003 1234 1213 1340 propioribus

195 1327 291 1394 tcctie
314 1327 540 1413 succederent,
566 1327 689 1395 relictis
712 1325 870 1393 uehiculis
893 1328 1096 1413 arreptisque
1120 1323 1213 1413 equis

195 1415 305 1520 liliam⁶
326 1415 489 1504 uirginem
518 1437 600 1523 equp
629 1415 825 1520 insidentem
854 1413 890 1482 in
921 1412 1063 1521 medium
1094 1434 1213 1503 agmen

155 1522 183 1565 ²⁵
196 1503 1215 1678 ttttattl{ttritffitqlttttizttttsst
1230 1503 1265 1556 ’¹

196 1701 235 1746 ac
264 1679 406 1766 pectoris
436 1679 619 1768 pedumque
651 1679 790 1746 uinculis
823 1678 1006 1763 dissolutis,
1037 1678 1214 1746 monilibus

196 1767 296 1833 ctiam
315 1767 485 1853 anulisque
503 1767 674 1854 discussis,
689 1767 763 1853 ipso
782 1787 909 1854 quoque
928 1787 1064 1852 corpore
1081 1765 1215 1852 inlaeso,

195 1854 260 1921 nisi
288 1853 376 1940 quod
405 1855 582 1922 obscenum
608 1855 643 1921 in
670 1854 802 1921 modum
829 1853 916 1922 nuda
938 1859 972 1920 et
993 1854 1109 1940 lingua
1135 1875 1214 1940 pau·

156 1959 183 2001 sc
197 1941 300 2008 lulum
323 1945 435 2008 exerta
457 1941 572 2027 iacuit3
595 1963 698 2029 equus
720 1963 848 2094 querpue
864 1940 945 2027 ipse,
967 1963 1032 2028 quo
1052 1940 1215 2026 utebatur,

197 2029 349 2096 straturis
371 2027 474 2096 irenis
497 2033 531 2096 et
547 2029 689 2117 cingulis
706 2029 795 2096 diosc
808 2029 874 2096 utic
892 2029 1014 2115 passim
1033 2049 1072 2097 ec
1090 2029 1214 2115 disper·

197 2116 243 2185 sis
266 2117 423 2184 exanimis
445 2117 560 2204 procul
581 2118 692 2186 iacuit

263 2205 371 2272 Poruo
401 2211 480 2291 post
507 2206 570 2275 hoc
601 2207 779 2274 intercessu
811 2205 969 2292 temporis
1000 2204 1035 2272 L.
1058 2202 1213 2273 Veturius
1232 2215 1267 2268 tn

107 2322 130 2363 a
143 2310 183 2354 ero
198 2315 295 2380 eques
318 2292 487 2361 Romanus
509 2293 695 2361 Aemiliam
718 2293 880 2379 uirginem
902 2291 1069 2360 Vestalem
1092 2293 1215 2360 furtiuo

156 2398 183 2442 sc
197 2384 311 2468 stupro
325 2381 454 2467 polluit.
486 2380 567 2449 duas
585 2385 755 2468 practerea
771 2380 917 2468 uirgines
930 2377 1082 2448 Vestales
1100 2379 1215 2448 eadem

196 2469 339 2538 Aemilia
365 2470 407 2538 od
435 2471 720 2558 perticipationem
746 2469 864 2538 incesti
887 2469 1080 2537 sollicitatas
1102 2474 1214 2537 contu·

196 2558 383 2627 bernalibus
401 2559 452 2628 sui
475 2561 673 2664 conuptoris
692 2558 842 2646 exposuit
860 2581 899 2661 ec
916 2558 1059 2626 tradidit
1094 2557 1214 2626 indicio

195 2647 1212 2828 Wttttdtstldttsl‘stddlpstttdcti
1229 2749 1264 2804 e

156 2845 184 2888 ιο
198 2829 266 2895 sius
294 2831 408 2897 consul
434 2829 470 2895 in
492 2761 797 2914 Geldaldigminos
825 2849 929 2913 usque
951 2827 1115 2894 Oceanum
1143 2849 1214 2913 per·

556 2916 599 3070 c

195 3089 303 3158 Gussii
326 3052 484 3177 cdnnrlie,
505 3025 703 3158 inlusione.
749 3087 785 3156 0.
807 3088 945 3156 Publius
968 3049 1054 3156 alter,
1075 3089 1214 3175 legatus,

196 3199 239 3245 ne
261 3177 391 3245 residua
413 3177 573 3246 mercitus
591 3177 709 3265 portio,
731 3175 868 3263 quaein
886 3179 996 3242 caetra
1013 3175 1214 3262 confugerat,

156 3282 184 3326 υ
197 3265 366 3354 deleretur,
389 3265 518 3335 obsides
541 3270 576 3334 et
598 3265 765 3334 dimidiam
787 3267 914 3348 partum
935 3285 1045 3331 rerum
1068 3263 1214 3330 omnium

198 3355 367 3444 Tigurinis
388 3354 582 3443 turpissimo
599 3354 729 3423 foedere
747 3353 851 3422 dedit:
875 3352 931 3441 qui
949 3351 1089 3422 &mam
1106 3372 1213 3420 reuer-

197 3465 264 3529 sus,
286 3465 308 3510 a
324 3440 435 3511 Caelio
453 3443 587 3512 tribuno
604 3443 695 3531 plebi
711 3442 764 3510 dic
781 3441 870 3510 dicta
887 3462 927 3509 ec
945 3441 1031 3530 quod
1048 3439 1214 3528 'ligurinis

999 3545 1054 3602 11·
