2820 3778
101 139 111 239 i

101 245 110 375 --⁴-.--
101 89 110 124 '—

99 1104 107 1148 -ν,
100 513 111 1092 ...am-u-——as-oae
102 435 111 503 ιν...
102 387 110 426 -.-

92 1414 107 1767 i

86 1893 96 2150 ἕ

89 2155 97 2352 i

89 2548 94 2725 g

305 149 368 218 126
550 153 798 230 nemoroso
816 154 1064 209 meronmevu

301 292 468 364 Rommue
489 296 640 365 mnerire
661 295 783 367 iactum
810 298 970 385 recolens,
997 319 1058 386 pro
1086 301 1313 386 supplemento

301 386 459 453 exereitus
488 386 595 456 edicto
624 386 715 454 uelut
744 388 837 475 usylo
867 387 1032 476 peteiuoto
1062 388 1210 457 homines
1242 392 1311 478 qui·

299 495 434 562 cumque
451 476 627 542 sceleribus
645 475 821 544 sedebitis
839 476 972 544 obnoxii
990 483 1101 545 esseut
1118 479 1312 564 impunitate

217 571 220 575 '
296 561 459 645 promisse
475 563 613 630 milities
631 564 845 651 munoipuuit3
867 586 1004 651 quorum
1023 586 1176 632 uumerus
1195 566 1236 632 ud
1256 588 1312 633 sex

244 655 281 708 ιο
296 647 388 714 milis
409 649 556 717 uirorum
578 648 652 717 fuit.
691 646 873 736 Oempeuiu
895 673 973 718 uero
996 652 1049 718 uel
1071 653 1182 738 potius
1205 654 1311 720 omnis
1337 675 1351 720 s

295 733 395 804 lulis
411 736 453 803 sd
470 737 691 806 Hunnibulem
709 738 880 825 desperate
897 739 1028 826 penitus
1046 739 1186 808 Romani
1206 745 1311 808 status

244 833 279 884 1¹
298 825 503 910 reparatione
521 824 648 892 ddeoit
683 831 761 912 post
781 827 845 894 hoc
863 825 899 896 L
916 827 1104 895 Postumius
1121 832 1237 914 pretor
1254 829 1311 895 ud·

294 932 408 979 neruus
426 911 540 980 Gallos
556 933 703 1000 pugnero
725 915 844 982 misem
867 937 939 982 oum
959 915 1102 984 exercitu
1120 937 1233 982 coesus
1252 921 1310 982 est

240 1009 280 1061 ¹2
362 1001 488 1069 Deinde
511 999 703 1089 Sempronio
727 1000 873 1070 Greooho
892 1001 931 1082 Q.
947 1003 1051 1072 Fabio
1069 1003 1212 1070 Muximo
1236 1025 1311 1071 con·

294 1089 420 1157 sulious
443 1088 596 1158 Clsudius
620 1087 800 1158 ¹Marcellus
831 1096 1021 1179 erpruetore
1042 1093 1237 1180 proconsule
1258 1092 1310 1159 de·
1323 1123 1345 1162 u
1359 1111 1400 1154 u

297 1179 444 1266 signetur
462 1179 657 1246 Hunnibelis
675 1180 851 1248 exercitum
867 1181 993 1268 proelio
1015 1180 1100 1249 fudit
1121 1182 1309 1268 primusque
1323 1201 1349 1243 ιι

295 1271 375 1354 post
395 1270 505 1335 tentus
526 1267 723 1356 reipublicae
746 1268 857 1336 ruinus
871 1291 971 1358 spem
994 1270 1073 1336 fecit
1088 1267 1309 1338 Hannibalem

242 1365 278 1419 ιι
294 1377 392 1443 posse
414 1357 568 1444 superori
604 1356 773 1463 Scipiones
797 1362 905 1425 eutem
926 1359 962 1425 iu
979 1357 1142 1464 Hispanis
1163 1357 1308 1463 Hasdru·

291 1444 1103 1692 ffiffisseiiii'ffiiiipiffefflffii
1120 1452 1308 1691 ἷῗῖἒξξὲῗ
1320 1556 1348 1599 1.

236 1730 275 1782 u
292 1709 488 1778 minuerunt
532 1645 1019 1800 (ieliiboexriilsmmileimtei,uquecuare
1037 1644 1307 1799 magnaper?

289 1820 368 1866 nem
381 1821 515 1867 menum
527 1799 670 1869 Romeui
682 1801 717 1868 in
731 1801 849 1869 caetris
862 1801 982 1870 hebere
996 1804 1181 1887 coeperunt,
1198 1801 1304 1886 pretio

289 1887 483 1958 sollicitetur
497 1889 539 1958 sb
552 1889 696 1959 hosfium
710 1891 867 1959 societate
880 1891 917 1958 in
930 1911 990 1957 sue
1007 1895 1116 1958 outre
1133 1889 1306 1958 duxerunt

234 1999 272 2051 ru
290 1975 502 2065 Sempronius
525 1979 690 2048 Gracchus
717 1981 911 2068 proconsule
937 1981 979 2048 sb
1007 1979 1137 2066 hospite
1160 2001 1218 2047 suo
1241 1978 1304 2046 Lu·
1317 2000 1346 2042 ss

234 2087 273 2140 re
290 2088 374 2134 cuno
403 2067 541 2154 quodum
568 2070 604 2136 in
630 2067 766 2138 insidior
794 2068 943 2137 inductus
967 2069 1092 2136 occisus
1119 2071 1178 2136 cet.
1224 2065 1306 2135 Oen·

289 2155 398 2223 tenius
419 2155 566 2225 Poenulo
588 2157 735 2226 centurio
758 2157 887 2226 decerni
909 2158 975 2225 sibi
997 2158 1083 2225 ultro
1106 2155 1228 2223 bellum
1251 2157 1304 2223 ed·

290 2265 420 2311 uersum
446 2243 665 2314 Hmnssuelem
688 2246 797 2332 petiit:
827 2267 935 2332 equo
964 2267 1038 2312 cum
1069 2249 1143 2312 octo
1171 2245 1303 2312 milibus

235 2343 271 2396 ιτ
289 2331 446 2420 miiitum,
497 2355 558 2401 uos
587 2334 622 2400 in
651 2335 754 2402 mern
783 2333 952 2420 eduxerat,
981 2354 1094 2400 merus
1124 2337 1183 2399 est
1226 2337 1305 2419 post

286 2417 456 2577 ¹¹¹²¹¹⁰.g¹¹·
473 2356 764 2579 ininius-*premor
784 2421 827 2487 ub
849 2420 1034 2488 Hunnsssele
1056 2421 1162 2487 uictus
1180 2421 1302 2488 emisso
1315 2437 1344 2482 es

286 2530 392 2577 exerce

230 2609 268 2664 re
352 2533 725 2668 Pudetmreoirurdiitionis.
773 2597 851 2755 Ἡιὲἁ
876 2597 964 2665 euim
987 2597 1092 2666 dicum
1114 2599 1302 2684 improbite·

285 2691 354 2754 tem
380 2687 486 2775 mugis
513 2709 557 2756 sn
583 2688 748 2756 miseriem
828 2687 1022 2755 munorum?
1058 2687 1159 2754 immo
1191 2688 1300 2755 uerius

284 2777 338 2844 uei
368 2776 553 2864 improbem
584 2777 749 2846 miserim
782 2777 834 2845 uel
861 2777 1014 2844 miserem
1046 2776 1298 2862 improbitatem
1345 2829 1346 2833 ,

88 2858 91 2877 ¹
229 2887 267 2940 re
284 2867 357 2954 quis
379 2865 491 2934 credet
512 2887 551 2936 eo
573 2870 729 2955 tempore,
751 2887 816 2954 quo
839 2866 1000 2932 neronum
1022 2865 1137 2951 populi
1159 2863 1340 2932 Romanius

259 3013 260 3016 ,
285 2975 422 3043 egenum
444 2955 563 3042 stipem
584 2955 716 3043 priests
737 2953 922 3022 oonletiono
949 2953 1120 3041 poscebat,
1147 2953 1242 3020 miles
1264 2954 1300 3020 iu

284 3045 402 3112 nstris
427 3065 495 3112 non
519 3043 585 3112 nisi
612 3048 670 3114 sut
697 3065 778 3131 puer
806 3046 865 3110 eut
894 3062 1008 3110 seruus
1036 3044 1094 3108 sut
1122 3042 1299 3108 sceleratus

284 3137 345 3202 sut
369 3132 497 3204 debitor
522 3137 557 3202 et
582 3156 625 3203 ne
652 3132 700 3202 sie
726 3131 856 3240 quidem
885 3151 1021 3200 numero
1051 3129 1187 3199 idoneus
1219 3133 1299 3218 erut,

284 3226 418 3292 esum
452 3223 488 3291 in
523 3223 614 3292 curie
649 3244 756 3292 omnus
792 3243 897 3311 poene
931 3220 1080 3289 nouicius
1115 3218 1297 3306 uidebatur,

282 3317 451 3402 postremo
477 3333 551 3381 oum
578 3313 627 3380 its
652 3308 833 3380 inminuitis
862 3309 1038 3398 fractisque
1068 3308 1219 3377 omnibus
1241 3307 1328 3376 den
1341 3323 1382 3367 ιω

284 3401 486 3490 spurcum,
506 3404 545 3468 ut
565 3400 738 3469 consilium
759 3400 799 3468 de
821 3397 1033 3489 reunquends
1053 3397 1155 3466 Itutiu
1177 3397 1298 3464 subire-
1310 3414 1338 3457 se

92 3485 95 3567 ἶ
229 3511 268 3565 uu
283 3495 352 3561 turs
369 3523 413 3540 -
430 3509 471 3558 eo
483 3493 641 3578 tempore,
657 3510 732 3558 cum
744 3509 846 3558 unum
859 3487 1082 3572 domesticum,
1097 3489 1136 3554 ut
1149 3484 1299 3572 diximus,
