2724 3808
395 231 592 288 ADVERSVM
610 233 777 290 Pedanos
794 233 809 287 1
829 235 943 291 18-80·
1108 231 1152 300 31

138 401 211 449 cum
237 375 340 464 copiis
367 376 402 444 in
424 375 540 444 Peraea
563 377 635 482 ipae
657 376 873 464 proficiscitur
895 378 1065 465 aeriaeque
1087 400 1153 447 cer·

138 472 249 537 tamen
267 466 438 552 instaurat,
460 468 631 553 propoauto
650 467 730 551 ania,
747 471 837 536 metu
855 467 883 533 si
902 467 975 554 quie
993 488 1011 534 e
1029 467 1152 554 proelio

138 557 249 629 cedere
281 555 464 642 moliretur,
494 554 581 622 ferro
609 555 820 644 exciperetur.
864 577 929 644 qua
958 557 1188 625 necoeaitatco

138 649 300 717 instanter
325 643 430 712 Media
462 644 686 734 pugnantibus
712 645 807 731 palae
835 645 954 714 iterum
980 644 1153 715 Parcarum

111 738 224 806 caeles
251 757 324 804 cum
346 735 507 822 paulatim
529 734 673 822 cederet,
701 739 822 804 matres
846 740 879 803 ct
899 758 1017 804 uxorea
1039 758 1154 805 eorum

62 843 125 899 au
139 826 270 897 obuiam
305 829 494 910 occurrunt,
529 828 628 892 orant
662 827 697 892 in
732 824 894 912 proelium
927 823 1153 912 'reuertuntur3
1208 845 1212 854 ·

138 913 366 986 cunctantibus
391 915 521 981 sublata
541 917 634 981 neate
653 912 794 982 obscena
812 913 959 1002 corpora
978 914 1155 984 ostendunt

137 1008 342 1161 llil-‘2⁶⁰⁸'
354 1003 1155 1159 ἒοἭιῖἷίἓᾷἷῗΤιέἭιἮὲῗιῗῗ
1173 1102 1209 1154 20

100 1196 127 1241 ιι
139 1183 173 1249 et
194 1113 507 1266 fffcu'inffrreaione
529 1199 612 1265 quoa
634 1177 806 1266 fugiebant
826 1114 941 1284 digere
958 1200 1020 1246 con
1061 1179 1155 1247 llunt

139 1268 186 1337 ibi
208 1271 287 1337 tunc
299 1266 467 1354 Astyages
490 1267 628 1353 capitur,
650 1267 702 1336 cui
721 1265 825 1354 (lyrae
845 1266 930 1335 mbil
949 1267 1015 1336 aliu
1055 1289 1154 1355 quam

140 1378 278 1445 regnum
300 1354 445 1442 abstulit,
468 1377 606 1443 eumque
629 1355 789 1424 maximae
811 1355 1040 1444 Hyrcanorum
1063 1357 1155 1444 gemti

139 1445 337 1536 praeposuit
367 1445 403 1512 iu
416 1442 530 1514 ldedoa
553 1465 631 1514 ucrc
654 1445 775 1514 reuerti
797 1445 868 1533 ipae
885 1445 1001 1514 noluit
1031 1444 1062 1514 ia
1079 1444 1154 1514 linia

101 1534 459 1695 „diffluo
477 1534 844 1712 lllm'fflullillt
858 1535 1155 1713 qllrllt'tl
1174 1547 1207 1599 ¹¹

436 1676 445 1710 ,
834 1676 843 1694 .

141 1717 318 1784 multorum
339 1715 501 1783 bellorum
523 1736 622 1783 cauea
644 1721 679 1782 et
700 1715 748 1783 ori
773 1737 794 1783 o
817 1715 951 1783 exstitit

205 1803 258 1872 Ea
288 1808 482 1892 tempestate
508 1801 656 1872 Phalarin
683 1801 737 1873 Sic
771 1827 810 1872 aa
837 1803 1072 1895 Agrigentinos
1102 1825 1154 1871 ar·
1170 1811 1210 1870 ω

140 1897 235 1981 repta
252 1893 422 1982 tyrannide
440 1892 667 1982 populabatur.
696 1893 752 1982 qui
770 1893 909 1962 crudelia
927 1896 1046 1979 mento,
1068 1904 1190 1962 com-a

139 1983 258 2052 mentia
285 1982 458 2067 crudelior,
488 1983 598 2052 omnia
624 1981 747 2051 nefarie
774 1984 810 2052 iu
832 1984 1022 2053 innocenter
1044 2003 1155 2072 agene,

101 2072 268 2139 ”maeuii
293 2073 468 2160 aliquando
495 2093 592 2160 quem
619 2072 704 2139 iuate
730 2073 861 2159 puniret
884 2072 1034 2142 iniustae.
1077 2085 1192 2139 namo

140 2157 279 2227 Perillua
303 2161 436 2246 quidam
460 2159 545 2227 aeria
567 2159 676 2247 opifex
699 2161 866 2228 adlectant
887 2160 1021 2248 tyranni
1044 2158 1156 2228 amici·

140 2247 236 2332 tiam,
268 2253 380 2334 aptum
412 2269 531 2314 manua
563 2247 748 2316 crudelitati
776 2248 865 2316 illiue
891 2253 998 2335 ratua,
1024 2250 1157 2316 taurum

65 2364 88 2405 ι.
101 2353 128 2396 ιι
142 2341 279 2406 adneum
297 2336 384 2420 fecit,
402 2336 455 2405 cui
467 2336 561 2404 fabre
574 2335 715 2404 ialnuam
731 2338 865 2406 alatere
878 2338 1059 2425 conposuit,
1073 2358 1156 2425 quae

142 2424 183 2491 ad
200 2423 438 2493 contrudendos
454 2425 627 2510 damnatoa
639 2427 784 2512 receptui
797 2426 894 2494 foret:
912 2433 951 2493 at
965 2449 1039 2494 oum
1054 2426 1156 2495 inclu-

103 2528 130 2573 ιι
143 2534 199 2580 ana
225 2511 346 2579 ibidem
373 2513 528 2582 subiectio
550 2513 683 2600 ignibus
705 2519 898 2600 torreretur,
925 2537 1043 2584 conum
1064 2515 1156 2582 nocie

143 2603 289 2668 extortae
307 2602 472 2687 capacitas
490 2600 623 2670 concaui
641 2602 726 2669 aeria
742 2606 876 2688 augeret
889 2603 1049 2691 pulsuque
1061 2602 1157 2670 forali

142 2691 316 2774 conpetena
330 2689 468 2775 imagini
481 2710 627 2756 murmur
640 2689 813 2774 emitteret,
825 2689 1015 2778 nefarioque
1030 2695 1156 2776 epecta-
1192 2705 1193 2710 ’

142 2776 215 2843 culo
247 2797 280 2842 m
329 2775 393 2843 'tua
421 2776 569 2864 pecudia,
598 2798 666 2843 nou
693 2775 836 2845 hominia
864 2779 1004 2863 gemitus
1031 2777 1156 2844 uidere·

141 2867 204 2931 tnr.
240 2864 296 2930 aad
341 2864 473 2949 baleria,
495 2864 618 2931 factum
641 2865 809 2950 amplexus
831 2864 989 2933 factorem
1011 2877 1192 2933 exsecra-a

102 2954 210 3054 wine,
233 2954 267 3018 et
288 2951 405 3055 ultioni
428 2953 600 3057 maurium
621 2952 775 3056 praebuit
796 2953 1051 3057 ‹et-crudelitati:
1077 2973 1157 3021 nam

142 3039 935 3219 ¹magistffamupafflweliicfeufflpore
958 3129 1045 3218 apud
1067 3127 1191 3198 Lati-o

141 3240 202 3289 noa
225 3241 283 3288 rex
299 3221 485 3308 Aremulue,
506 3219 563 3310 qui
584 3241 643 3308 per
666 3241 769 3291 annoa
787 3239 877 3289 xvm
899 3220 1032 3309 flagitiis
1055 3221 1157 3309 inpie·

141 3309 327 3397 tatibuaquc
350 3331 508 3396 croaccna
530 3309 573 3378 ad
594 3314 796 3396 postremum
818 3310 930 3378 diuino
951 3309 1071 3379 iudicio
1093 3309 1155 3378 lul·

102 3397 243 3553 τιιίιέἱιιιιΙ
265 3397 463 3553 ξὲιοιωριιιε
499 3401 630 3466 matura
663 3398 823 3486 supplicia
851 3397 1018 3467 inmatura
1047 3402 1155 3466 noete

175 3506 230 3554 auo
243 3507 278 3553 ιιι

207 3573 347 3662 Eligant
368 3595 468 3665 nuno,
494 3575 524 3645 ai
546 3575 689 3666 uidetur,
714 3574 825 3646 Latini
847 3580 882 3645 et
904 3575 1025 3672 siculi„
1044 3579 1191 3646 abuma

49 3737 72 3793 b.
