2750 3800
401 133 597 189 suvuusvu
614 134 780 191 esnsuoe
797 135 823 188 v
842 139 882 192 se.
1087 132 1149 199 171

140 296 204 363 qne
226 275 281 361 its,
303 279 342 342 ut
363 275 497 342 attoniti
514 276 632 343 timeus
649 277 795 344 hostium
813 280 981 364 steterant,
1004 277 1060 344 elii
1078 279 1152 344 stir-

138 363 236 452 pibus
265 364 318 431 uel
347 363 435 430 susis
464 364 613 449 reclines,
646 365 703 432 ulii
735 365 835 433 armis
865 367 934 434 suis
963 366 1152 451 innitentes,

138 451 327 541 petentibus
344 451 453 520 euneti
471 452 574 520 oeulis
592 452 807 541 dentibusque
825 453 956 522 nudatis
970 453 1152 523 uiuentium

139 543 175 610 iu
197 541 329 609 modum
351 541 556 627 uisebantur3
581 563 641 609 neu
667 541 772 609 ullum
795 547 867 610 erat
887 543 1001 631 presul
1022 543 1152 612 intuen-

113 630 230 698 ssibus
252 630 368 698 mortis
386 628 539 698 indicium
557 631 622 697 uisi
640 630 792 698 diuturna
809 631 1032 718 immobilites,
1054 652 1151 718 quam

137 721 228 788 nullu
242 717 340 786 modo
357 717 521 787 hnmanae
538 719 626 787 nitas
643 720 808 824 uegetatio
821 719 877 787 diu
889 721 1016 808 perpeti
1033 722 1152 808 potest

139 807 253 877 eadem
279 807 331 874 die
358 805 508 875 Pieeutes
533 829 700 896 congressu
728 812 763 874 st
788 809 869 876 uieti
896 813 988 890 sunt,
1014 829 1152 896 quorum
1170 818 1202 869 21

138 897 203 965 dux
216 895 398 965 Vidseilius
415 895 602 964 eouuouatis
620 896 820 984 principibus
838 897 906 965 suis
928 902 1007 984 post
1028 897 1153 985 megui-

138 986 217 1055 fluas
241 985 353 1072 epulas
375 985 533 1072 largeque
550 985 667 1072 poeula
685 990 820 1054 sanetus
839 985 881 1053 sd
899 987 1082 1074 exemplum
1100 985 1152 1054 sui
1256 1053 1259 1060 ,

101 1093 127 1134 ¹⁰
163 1095 322 1143 rouuuaus
357 1074 478 1141 haustu
519 1095 645 1142 ueneno
686 1075 879 1161 absumptus
921 1079 985 1161 est,
1025 1075 1152 1143 eunetis

137 1096 261 1233 boum
284 1163 353 1232 eius
375 1162 583 1230 laudantibus
607 1161 664 1230 sed
685 1161 816 1231 nemine
839 1163 1064 1252 subsequente.

204 1252 303 1321 Auno
330 1252 374 1320 ab
400 1252 481 1321 urba
507 1252 639 1320 uendite
659 1267 772 1321 noun
794 1274 868 1322 eum
891 1252 932 1321 ad
955 1251 1150 1322 obsidendos
1168 1258 1204 1312 tt
1338 1241 1340 1251 ἱ

50 1347 127 1412 sas
140 1341 322 1428 Pomlpsios
343 1341 512 1408 Romanus
538 1340 619 1408 isset
645 1342 804 1409 exereitus
832 1346 866 1409 et
887 1342 1074 1410 Postumius
1096 1342 1152 1409 Al·

137 1431 234 1499 binus
256 1431 309 1497 nir
330 1428 523 1515 uousularis,
544 1434 622 1497 tune
643 1427 680 1498 L.
703 1428 814 1517 Syllae
836 1431 975 1517 legatus,
996 1429 1151 1497 intulera-

99 1538 125 1583 ιο
138 1519 197 1588 bili
227 1518 380 1606 superbia
406 1517 551 1587 onmium
574 1517 610 1586 iu
632 1540 668 1586 ss
690 1519 832 1586 militum
854 1518 931 1587 odiu
952 1519 1150 1605 suscitasset,

137 1607 301 1696 lapidibus
327 1607 453 1677 etelsus
481 1612 541 1676 est
586 1605 679 1695 Sylla
705 1607 820 1676 eousnl
846 1608 976 1676 ciuilem
1002 1629 1150 1676 umorem
1168 1625 1203 1679 tt
1338 1619 1340 1629 “

139 1719 207 1766 nou
233 1697 298 1765 uisi
325 1697 438 1764 hostili
465 1696 623 1785 sauguine
650 1697 775 1786 expiari
801 1719 897 1783 posse
923 1702 1063 1766 testatus
1086 1700 1151 1765 est:

138 1787 230 1854 euius
258 1784 307 1852 rei
334 1785 535 1853 consulentis
559 1790 727 1870 permotus
754 1787 913 1854 exereitus
937 1787 985 1853 ita
1007 1805 1152 1874 pugnam

138 1873 272 1941 udonus
286 1877 346 1958 est,
364 1876 403 1940 ut
415 1872 480 1940 sibi
493 1874 715 1960 unusquisque
752 1873 927 1940 ereundnm
947 1873 1071 1942 uideret
1087 1873 1152 1940 uisi

98 1961 280 2030 suluissat
325 1960 435 2028 (leuem
458 1964 493 2027 et
514 1965 589 2029 oete
612 1962 705 2028 milia
804 1962 922 2030 uitium
944 1963 1002 2030 illo
1024 1961 1150 2048 proelio

136 2071 233 2118 eaesa
250 2053 339 2135 sunt3
361 2047 548 2116 quentium
565 2070 702 2136 quoqne,
723 2048 874 2117 Italicum
892 2050 1016 2130 dueum,
1034 2053 1068 2116 et
1085 2072 1151 2117 ma·

136 2160 238 2228 gnum
256 2137 359 2294 iqqiums
377 2137 535 2225 pupulum
555 2143 741 2224 persecutus
759 2138 887 2206 oceidit
922 2139 1055 2209 Peneius
1069 2135 1151 2208 (lato
1169 2148 1205 2201 ns

137 2227 251 2298 nousnl
359 2247 439 2294 anas
462 2227 573 2315 cupias
596 2225 720 2295 bubum
744 2249 817 2295 eum
835 2228 1004 2317 aliquanta
1022 2231 1153 2297 stssnua

139 2317 306 2404 gessisset,
327 2315 487 2402 gloriatus
506 2321 565 2401 est,
588 2311 624 2383 0.
636 2314 778 2383 blasium
795 2337 864 2384 uon
883 2317 1008 2385 maiora
1028 2316 1152 2403 iuuisse,

97 2422 125 2467 ss
139 2407 173 2470 et
203 2403 245 2470 ub
274 2404 350 2489 boe,
379 2424 454 2470 uum
483 2402 525 2470 sd
554 2402 662 2471 lacum
691 2402 850 2471 Fueimm
879 2410 996 2473 eontn
1024 2403 1152 2472 Marsos

137 2492 260 2560 bellum
283 2494 420 2579 gereret,
442 2512 463 2556 a
484 2491 554 2558 filiu
572 2487 608 2558 0.
625 2491 722 2559 Marii
744 2493 781 2558 in
798 2493 942 2560 tumultu
961 2493 1040 2560 belli
1058 2493 1152 2580 quasi

137 2579 181 2686 eb
202 2579 328 2647 inserto
345 2583 478 2683 auctore
495 2582 680 2684 prqstratus
699 2581 759 2647 est
795 2576 832 2648 0.
845 2578 1004 2686 (isbiuius
1021 2579 1152 2668 legatus
1170 2590 1206 2643 nt

50 2665 855 2846 ‚insistentemque
877 2670 1067 2847 ene*
1087 2674 1154 2826 eff:

97 2865 125 2909 ss
138 2850 257 2934 quente
285 2846 409 2913 uastati
438 2850 523 2913 suut
568 2843 753 2933 Popuedlus
783 2851 817 2913 et
846 2846 1013 2933 obsidius,
1064 2845 1155 2915 taliei

136 2937 364 3042 imperetures,
386 2934 565 3040 abeodem
588 2931 732 3040 Sulpicio
754 2934 840 3041 apud
862 2934 984 3004 flumen
1005 2934 1154 3040 Teanum

137 3024 297 3216 llll&
318 3024 701 3218 l‘sstmttsstst
718 3031 934 3218 teneti
954 3024 1151 3202 sibili}
1169 3045 1205 3100 ’⁸

138 3220 302 3286 pnuespes
340 3221 452 3267 eurum
489 3221 592 3288 uirgis
627 3201 743 3270 sessus
780 3203 948 3290 securique
983 3203 1152 3290 persuasit

99 3305 127 3348 ss
140 3286 497 3441 seruosupruedsmqus
525 3309 654 3356 omnem
681 3289 742 3357 snb
768 3287 867 3359 hasta
889 3290 1051 3379 uendidit,
1077 3290 1151 3359 reli·

139 3393 222 3460 qnos
242 3373 364 3440 liberos
387 3375 444 3460 qni
465 3395 518 3443 em
540 3376 596 3443 sad
616 3376 721 3444 nudus
744 3381 779 3444 et
800 3384 933 3466 egentes
951 3379 1042 3448 abire
1059 3401 1151 3468 praa·

139 3460 240 3545 sspiq
266 3463 300 3526 et
325 3482 400 3540 uum
427 3461 467 3529 ds
492 3461 555 3531 bsu
581 3465 705 3550 prasus
730 3466 980 3552 opitulationem
1006 3467 1152 3557 aliquam
