<?xml version="1.0" encoding="UTF-8"?>
<!DOCTYPE html PUBLIC "-//W3C//DTD XHTML 1.0 Transitional//EN"
    "http://www.w3.org/TR/xhtml1/DTD/xhtml1-transitional.dtd">
<html xmlns="http://www.w3.org/1999/xhtml" xml:lang="en" lang="en">
 <head>
  <title>
</title>
<meta http-equiv="Content-Type" content="text/html;charset=utf-8" />
  <meta name='ocr-system' content='tesseract 3.04.00' />
  <meta name='ocr-capabilities' content='ocr_page ocr_carea ocr_par ocr_line ocrx_word'/>
</head>
<body>
  <div class='ocr_page' id='page_1' title='image "./pavliorosiihist01orosgoog_0395.png"; bbox 0 0 2744 3800; ppageno 0'>
   <div class='ocr_carea' id='block_1_1' title="bbox 336 226 1132 294">
    <p class='ocr_par' dir='ltr' id='par_1_1' title="bbox 336 207 1265 294">
     <span class='ocr_line' id='line_1_1' title="bbox 336 226 1132 294; baseline -0.004 -12"><span class='ocrx_word' id='word_1_1' title='bbox 336 229 533 282; x_wconf 80' lang='lat' dir='ltr'>sovscsvu</span> <span class='ocrx_word' id='word_1_2' title='bbox 550 227 715 284; x_wconf 74' lang='lat' dir='ltr'>euersos</span> <span class='ocrx_word' id='word_1_3' title='bbox 732 231 786 283; x_wconf 83' lang='lat' dir='ltr'>vn</span> <span class='ocrx_word' id='word_1_4' title='bbox 804 233 829 285; x_wconf 89' lang='lat' dir='ltr'>s.</span> <span class='ocrx_word' id='word_1_5' title='bbox 850 234 875 288; x_wconf 85' lang='lat' dir='ltr'>r.</span> <span class='ocrx_word' id='word_1_6' title='bbox 1036 226 1132 294; x_wconf 79' lang='lat'>245.</span> 
     </span>
    </p>
   </div>
   <div class='ocr_carea' id='block_1_2' title="bbox 22 369 1349 3732">
    <p class='ocr_par' dir='ltr' id='par_1_2' title="bbox 89 369 1349 644">
     <span class='ocr_line' id='line_1_2' title="bbox 90 369 1349 460; baseline 0.001 -19"><span class='ocrx_word' id='word_1_7' title='bbox 90 376 238 458; x_wconf 80' lang='lat' dir='ltr'>auersnt3</span> <span class='ocrx_word' id='word_1_8' title='bbox 261 370 318 440; x_wconf 84' lang='lat' dir='ltr'>sed</span> <span class='ocrx_word' id='word_1_9' title='bbox 335 369 594 440; x_wconf 78' lang='lat' dir='ltr'>Christianorum</span> <span class='ocrx_word' id='word_1_10' title='bbox 616 371 864 441; x_wconf 84' lang='lat' dir='ltr'>necessitatibus</span> <span class='ocrx_word' id='word_1_11' title='bbox 881 371 968 460; x_wconf 82' lang='lat' dir='ltr'>apud</span> <span class='ocrx_word' id='word_1_12' title='bbox 985 371 1100 442; x_wconf 85' lang='lat' dir='ltr'>Hiero·</span> <span class='ocrx_word' id='word_1_13' title='bbox 1252 379 1276 429; x_wconf 73' lang='lat' dir='ltr'>t·</span> <span class='ocrx_word' id='word_1_14' title='bbox 1348 373 1349 376; x_wconf 69' lang='grc'>’</span> 
     </span>
     <span class='ocr_line' id='line_1_3' title="bbox 90 438 1258 552; baseline -0.001 -19"><span class='ocrx_word' id='word_1_15' title='bbox 90 464 249 552; x_wconf 73' lang='lat' dir='ltr'>solymam</span> <span class='ocrx_word' id='word_1_16' title='bbox 290 460 455 532; x_wconf 85' lang='lat' dir='ltr'>conuectis</span> <span class='ocrx_word' id='word_1_17' title='bbox 494 462 537 531; x_wconf 85' lang='lat' dir='ltr'>ab</span> <span class='ocrx_word' id='word_1_18' title='bbox 573 463 725 552; x_wconf 79' lang='lat' dir='ltr'>Aegypto</span> <span class='ocrx_word' id='word_1_19' title='bbox 762 462 935 532; x_wconf 84' lang='lat' dir='ltr'>frumentis</span> <span class='ocrx_word' id='word_1_20' title='bbox 975 461 1100 533; x_wconf 86' lang='lat' dir='ltr'>Helene</span> <span class='ocrx_word' id='word_1_21' title='bbox 1253 438 1258 468; x_wconf 66' lang='lat'><em>⁶</em></span> 
     </span>
     <span class='ocr_line' id='line_1_4' title="bbox 89 551 1102 644; baseline -0.002 -20"><span class='ocrx_word' id='word_1_22' title='bbox 89 553 333 624; x_wconf 74' lang='lat' dir='ltr'>Adiabenorum</span> <span class='ocrx_word' id='word_1_23' title='bbox 350 553 466 642; x_wconf 85' lang='lat' dir='ltr'>regins</span> <span class='ocrx_word' id='word_1_24' title='bbox 487 573 645 623; x_wconf 83' lang='lat' dir='ltr'>conuersa</span> <span class='ocrx_word' id='word_1_25' title='bbox 666 553 709 622; x_wconf 85' lang='lat' dir='ltr'>sd</span> <span class='ocrx_word' id='word_1_26' title='bbox 731 553 828 622; x_wconf 85' lang='lat' dir='ltr'>fidem</span> <span class='ocrx_word' id='word_1_27' title='bbox 846 551 970 622; x_wconf 79' lang='lat' dir='ltr'>Christi</span> <span class='ocrx_word' id='word_1_28' title='bbox 987 555 1102 644; x_wconf 87' lang='lat' dir='ltr'>largis·</span> 
     </span>
    </p>

    <p class='ocr_par' dir='ltr' id='par_1_3' title="bbox 89 642 1258 715">
     <span class='ocr_line' id='line_1_5' title="bbox 89 642 1258 715; baseline -0.004 -1"><span class='ocrx_word' id='word_1_29' title='bbox 89 646 170 715; x_wconf 88' lang='lat' dir='ltr'>sime</span> <span class='ocrx_word' id='word_1_30' title='bbox 191 642 402 711; x_wconf 85' lang='lat' dir='ltr'>ministrsuit</span> <span class='ocrx_word' id='word_1_31' title='bbox 1256 685 1258 690; x_wconf 67' lang='lat'>,</span> 
     </span>
    </p>

    <p class='ocr_par' dir='ltr' id='par_1_4' title="bbox 62 724 1289 998">
     <span class='ocr_line' id='line_1_6' title="bbox 62 724 1289 818; baseline 0.002 -21"><span class='ocrx_word' id='word_1_32' title='bbox 62 752 76 797; x_wconf 86' lang='lat' dir='ltr'>s</span> <span class='ocrx_word' id='word_1_33' title='bbox 155 733 253 799; x_wconf 83' lang='lat' dir='ltr'>Anno</span> <span class='ocrx_word' id='word_1_34' title='bbox 275 731 404 818; x_wconf 86' lang='lat' dir='ltr'>imperii</span> <span class='ocrx_word' id='word_1_35' title='bbox 426 732 496 799; x_wconf 86' lang='lat' dir='ltr'>eius</span> <span class='ocrx_word' id='word_1_36' title='bbox 541 732 633 799; x_wconf 91' lang='lat' dir='ltr'>uintc</span> <span class='ocrx_word' id='word_1_37' title='bbox 654 732 740 798; x_wconf 86' lang='lat' dir='ltr'>inter</span> <span class='ocrx_word' id='word_1_38' title='bbox 761 731 901 799; x_wconf 84' lang='lat' dir='ltr'>Theram</span> <span class='ocrx_word' id='word_1_39' title='bbox 924 738 959 799; x_wconf 89' lang='lat' dir='ltr'>et</span> <span class='ocrx_word' id='word_1_40' title='bbox 981 731 1099 800; x_wconf 77' lang='lat' dir='ltr'>&#39;Phera-</span> <span class='ocrx_word' id='word_1_41' title='bbox 1121 739 1156 792; x_wconf 84' lang='lat'>¹⁸</span> <span class='ocrx_word' id='word_1_42' title='bbox 1256 724 1289 796; x_wconf 72' lang='lat' dir='ltr'>i</span> 
     </span>
     <span class='ocr_line' id='line_1_7' title="bbox 89 753 1264 908; baseline 0 -20"><span class='ocrx_word' id='word_1_43' title='bbox 89 821 171 888; x_wconf 88' lang='lat' dir='ltr'>siam</span> <span class='ocrx_word' id='word_1_44' title='bbox 197 819 305 888; x_wconf 89' lang='lat' dir='ltr'>insula</span> <span class='ocrx_word' id='word_1_45' title='bbox 331 818 371 886; x_wconf 87' lang='lat' dir='ltr'>de</span> <span class='ocrx_word' id='word_1_46' title='bbox 399 753 561 907; x_wconf 53' lang='lat' dir='ltr'>profunho</span> <span class='ocrx_word' id='word_1_47' title='bbox 590 819 724 887; x_wconf 86' lang='lat' dir='ltr'>emicuit</span> <span class='ocrx_word' id='word_1_48' title='bbox 752 820 890 908; x_wconf 90' lang='lat' dir='ltr'>triginta</span> <span class='ocrx_word' id='word_1_49' title='bbox 919 820 1100 888; x_wconf 72' lang='lat' dir='ltr'>rumorum</span> <span class='ocrx_word' id='word_1_50' title='bbox 1258 829 1264 864; x_wconf 80' lang='lat'><strong>¹</strong></span> 
     </span>
     <span class='ocr_line' id='line_1_8' title="bbox 88 910 448 998; baseline -0.008 -20"><span class='ocrx_word' id='word_1_51' title='bbox 88 910 195 998; x_wconf 77' lang='lat' dir='ltr'>spatio</span> <span class='ocrx_word' id='word_1_52' title='bbox 217 913 358 977; x_wconf 80' lang='lat' dir='ltr'>extenta</span> <span class='ocrx_word' id='word_1_53' title='bbox 444 977 448 985; x_wconf 83' lang='grc'>,</span> 
     </span>
    </p>

    <p class='ocr_par' dir='ltr' id='par_1_5' title="bbox 88 994 1266 1173">
     <span class='ocr_line' id='line_1_9' title="bbox 155 994 1266 1083; baseline -0.006 -18"><span class='ocrx_word' id='word_1_54' title='bbox 155 997 252 1066; x_wconf 80' lang='lat' dir='ltr'>Anno</span> <span class='ocrx_word' id='word_1_55' title='bbox 279 999 348 1065; x_wconf 88' lang='lat' dir='ltr'>eius</span> <span class='ocrx_word' id='word_1_56' title='bbox 376 996 516 1083; x_wconf 90' lang='lat' dir='ltr'>septimo</span> <span class='ocrx_word' id='word_1_57' title='bbox 545 997 606 1064; x_wconf 89' lang='lat' dir='ltr'>sub</span> <span class='ocrx_word' id='word_1_58' title='bbox 637 1001 846 1083; x_wconf 73' lang='lat' dir='ltr'>procuratore</span> <span class='ocrx_word' id='word_1_59' title='bbox 873 997 1011 1065; x_wconf 88' lang='lat' dir='ltr'>Iudaeae</span> <span class='ocrx_word' id='word_1_60' title='bbox 1038 994 1101 1065; x_wconf 83' lang='lat' dir='ltr'>Ou-</span> <span class='ocrx_word' id='word_1_61' title='bbox 1121 1009 1158 1059; x_wconf 74' lang='lat' dir='ltr'>ra</span> <span class='ocrx_word' id='word_1_62' title='bbox 1262 1039 1266 1050; x_wconf 84' lang='lat'>.</span> 
     </span>
     <span class='ocr_line' id='line_1_10' title="bbox 88 1085 1106 1173; baseline -0.002 -18"><span class='ocrx_word' id='word_1_63' title='bbox 88 1108 185 1155; x_wconf 82' lang='lat' dir='ltr'>meno</span> <span class='ocrx_word' id='word_1_64' title='bbox 208 1085 242 1152; x_wconf 92' lang='lat' dir='ltr'>iu</span> <span class='ocrx_word' id='word_1_65' title='bbox 264 1085 501 1173; x_wconf 73' lang='lat' dir='ltr'>Hierosolymis</span> <span class='ocrx_word' id='word_1_66' title='bbox 529 1089 621 1152; x_wconf 68' lang='lat' dir='ltr'>unte</span> <span class='ocrx_word' id='word_1_67' title='bbox 643 1085 759 1152; x_wconf 90' lang='lat' dir='ltr'>seditio</span> <span class='ocrx_word' id='word_1_68' title='bbox 781 1085 817 1152; x_wconf 90' lang='lat' dir='ltr'>in</span> <span class='ocrx_word' id='word_1_69' title='bbox 838 1085 951 1152; x_wconf 87' lang='lat' dir='ltr'>diebus</span> <span class='ocrx_word' id='word_1_70' title='bbox 974 1106 1106 1172; x_wconf 53' lang='lat' dir='ltr'>seyme&lt;</span> 
     </span>
    </p>

    <p class='ocr_par' dir='ltr' id='par_1_6' title="bbox 49 1173 1101 1421">
     <span class='ocr_line' id='line_1_11' title="bbox 49 1173 1101 1261; baseline 0.004 -25"><span class='ocrx_word' id='word_1_71' title='bbox 49 1194 75 1238; x_wconf 84' lang='grc' dir='ltr'>ιο</span> <span class='ocrx_word' id='word_1_72' title='bbox 88 1197 160 1243; x_wconf 91' lang='lat' dir='ltr'>rum</span> <span class='ocrx_word' id='word_1_73' title='bbox 177 1179 292 1242; x_wconf 82' lang='lat' dir='ltr'>exorta</span> <span class='ocrx_word' id='word_1_74' title='bbox 309 1178 369 1258; x_wconf 82' lang='lat' dir='ltr'>est,</span> <span class='ocrx_word' id='word_1_75' title='bbox 390 1174 483 1241; x_wconf 92' lang='lat' dir='ltr'>utin</span> <span class='ocrx_word' id='word_1_76' title='bbox 507 1178 675 1260; x_wconf 85' lang='lat' dir='ltr'>portarum</span> <span class='ocrx_word' id='word_1_77' title='bbox 697 1173 786 1240; x_wconf 88' lang='lat' dir='ltr'>exitu</span> <span class='ocrx_word' id='word_1_78' title='bbox 808 1174 930 1261; x_wconf 91' lang='lat' dir='ltr'>populo</span> <span class='ocrx_word' id='word_1_79' title='bbox 953 1177 1101 1241; x_wconf 76' lang='lat' dir='ltr'>coartato</span> 
     </span>
     <span class='ocr_line' id='line_1_12' title="bbox 87 1261 1101 1353; baseline -0.001 -22"><span class='ocrx_word' id='word_1_80' title='bbox 87 1264 225 1353; x_wconf 75' lang='lat' dir='ltr'>triginta</span> <span class='ocrx_word' id='word_1_81' title='bbox 251 1263 343 1330; x_wconf 88' lang='lat' dir='ltr'>milia</span> <span class='ocrx_word' id='word_1_82' title='bbox 365 1262 558 1330; x_wconf 86' lang='lat' dir='ltr'>Iudseorum</span> <span class='ocrx_word' id='word_1_83' title='bbox 586 1261 682 1330; x_wconf 81' lang='lat' dir='ltr'>ccede</span> <span class='ocrx_word' id='word_1_84' title='bbox 704 1266 870 1351; x_wconf 78' lang='lat' dir='ltr'>prostrata</span> <span class='ocrx_word' id='word_1_85' title='bbox 892 1265 926 1330; x_wconf 88' lang='lat' dir='ltr'>et</span> <span class='ocrx_word' id='word_1_86' title='bbox 946 1283 1101 1350; x_wconf 88' lang='lat' dir='ltr'>conpres-</span> 
     </span>
     <span class='ocr_line' id='line_1_13' title="bbox 88 1351 571 1421; baseline -0.008 -1"><span class='ocrx_word' id='word_1_87' title='bbox 88 1354 178 1421; x_wconf 87' lang='lat' dir='ltr'>sione</span> <span class='ocrx_word' id='word_1_88' title='bbox 200 1353 358 1420; x_wconf 78' lang='lat' dir='ltr'>suffocate</span> <span class='ocrx_word' id='word_1_89' title='bbox 380 1351 571 1419; x_wconf 88' lang='lat' dir='ltr'>referentur.</span> 
     </span>
    </p>

    <p class='ocr_par' dir='ltr' id='par_1_7' title="bbox 153 1436 1157 1526">
     <span class='ocr_line' id='line_1_14' title="bbox 153 1436 1157 1526; baseline -0.005 -20"><span class='ocrx_word' id='word_1_90' title='bbox 153 1441 251 1507; x_wconf 79' lang='lat' dir='ltr'>Anno</span> <span class='ocrx_word' id='word_1_91' title='bbox 278 1439 420 1506; x_wconf 87' lang='lat' dir='ltr'>eiusdem</span> <span class='ocrx_word' id='word_1_92' title='bbox 448 1461 535 1505; x_wconf 92' lang='lat' dir='ltr'>nono</span> <span class='ocrx_word' id='word_1_93' title='bbox 562 1439 713 1526; x_wconf 84' lang='lat' dir='ltr'>expulsos</span> <span class='ocrx_word' id='word_1_94' title='bbox 741 1461 799 1524; x_wconf 87' lang='lat' dir='ltr'>per</span> <span class='ocrx_word' id='word_1_95' title='bbox 821 1436 993 1505; x_wconf 80' lang='lat' dir='ltr'>Claudium</span> <span class='ocrx_word' id='word_1_96' title='bbox 1019 1439 1100 1505; x_wconf 84' lang='lat' dir='ltr'>urhe</span> <span class='ocrx_word' id='word_1_97' title='bbox 1120 1449 1157 1500; x_wconf 76' lang='lat' dir='ltr'>lo</span> 
     </span>
    </p>

    <p class='ocr_par' dir='ltr' id='par_1_8' title="bbox 86 1523 1101 1612">
     <span class='ocr_line' id='line_1_15' title="bbox 86 1523 1101 1612; baseline -0.002 -17"><span class='ocrx_word' id='word_1_98' title='bbox 86 1527 222 1595; x_wconf 88' lang='lat' dir='ltr'>Iudaeos</span> <span class='ocrx_word' id='word_1_99' title='bbox 244 1525 402 1612; x_wconf 78' lang='lat' dir='ltr'>Iosephus</span> <span class='ocrx_word' id='word_1_100' title='bbox 424 1525 533 1592; x_wconf 81' lang='lat' dir='ltr'>refert</span> <span class='ocrx_word' id='word_1_101' title='bbox 570 1526 625 1592; x_wconf 88' lang='lat' dir='ltr'>ssd</span> <span class='ocrx_word' id='word_1_102' title='bbox 644 1547 696 1592; x_wconf 90' lang='lat' dir='ltr'>ms</span> <span class='ocrx_word' id='word_1_103' title='bbox 714 1546 768 1592; x_wconf 92' lang='lat' dir='ltr'>ma</span> <span class='ocrx_word' id='word_1_104' title='bbox 793 1526 820 1592; x_wconf 87' lang='lat' dir='ltr'>&#39;s</span> <span class='ocrx_word' id='word_1_105' title='bbox 838 1523 1012 1593; x_wconf 75' lang='lat' dir='ltr'>Suetonius</span> <span class='ocrx_word' id='word_1_106' title='bbox 1031 1547 1101 1593; x_wconf 94' lang='lat' dir='ltr'>mo·</span> 
     </span>
    </p>

    <p class='ocr_par' dir='ltr' id='par_1_9' title="bbox 49 1613 1154 2059">
     <span class='ocr_line' id='line_1_16' title="bbox 49 1613 1099 1702; baseline 0.001 -24"><span class='ocrx_word' id='word_1_107' title='bbox 49 1621 157 1702; x_wconf 85' lang='lat' dir='ltr'>unet,</span> <span class='ocrx_word' id='word_1_108' title='bbox 184 1615 239 1702; x_wconf 87' lang='lat' dir='ltr'>qui</span> <span class='ocrx_word' id='word_1_109' title='bbox 266 1615 315 1682; x_wconf 86' lang='lat' dir='ltr'>sit</span> <span class='ocrx_word' id='word_1_110' title='bbox 340 1614 403 1683; x_wconf 91' lang='lat' dir='ltr'>hoc</span> <span class='ocrx_word' id='word_1_111' title='bbox 424 1613 535 1682; x_wconf 83' lang='lat' dir='ltr'>modo:</span> <span class='ocrx_word' id='word_1_112' title='bbox 565 1613 749 1683; x_wconf 77' lang='lat' dir='ltr'>Claudius</span> <span class='ocrx_word' id='word_1_113' title='bbox 800 1613 943 1682; x_wconf 88' lang='lat' dir='ltr'>udseos</span> <span class='ocrx_word' id='word_1_114' title='bbox 972 1613 1099 1701; x_wconf 91' lang='lat' dir='ltr'>inpul-</span> 
     </span>
     <span class='ocr_line' id='line_1_17' title="bbox 87 1701 1101 1773; baseline -0.003 0"><span class='ocrx_word' id='word_1_115' title='bbox 87 1727 174 1773; x_wconf 87' lang='lat' dir='ltr'>sore</span> <span class='ocrx_word' id='word_1_116' title='bbox 201 1702 361 1772; x_wconf 79' lang='lat' dir='ltr'>Christo</span> <span class='ocrx_word' id='word_1_117' title='bbox 389 1703 548 1771; x_wconf 84' lang='lat' dir='ltr'>adsidue</span> <span class='ocrx_word' id='word_1_118' title='bbox 575 1703 861 1770; x_wconf 73' lang='lat' dir='ltr'>tumultuantes</span> <span class='ocrx_word' id='word_1_119' title='bbox 889 1701 1010 1770; x_wconf 85' lang='lat' dir='ltr'>Roma</span> <span class='ocrx_word' id='word_1_120' title='bbox 1038 1724 1101 1770; x_wconf 85' lang='lat' dir='ltr'>ex·</span> 
     </span>
     <span class='ocr_line' id='line_1_18' title="bbox 114 1789 1154 1882; baseline -0.006 -22"><span class='ocrx_word' id='word_1_121' title='bbox 114 1794 200 1882; x_wconf 87' lang='lat' dir='ltr'>ulit;</span> <span class='ocrx_word' id='word_1_122' title='bbox 236 1794 338 1880; x_wconf 83' lang='lat' dir='ltr'>quod,</span> <span class='ocrx_word' id='word_1_123' title='bbox 374 1798 482 1859; x_wconf 88' lang='lat' dir='ltr'>utrum</span> <span class='ocrx_word' id='word_1_124' title='bbox 514 1795 630 1859; x_wconf 91' lang='lat' dir='ltr'>contra</span> <span class='ocrx_word' id='word_1_125' title='bbox 662 1789 829 1859; x_wconf 81' lang='lat' dir='ltr'>Christum</span> <span class='ocrx_word' id='word_1_126' title='bbox 860 1790 1098 1859; x_wconf 73' lang='lat' dir='ltr'>tumultuantes</span> <span class='ocrx_word' id='word_1_127' title='bbox 1118 1803 1154 1854; x_wconf 78' lang='lat' dir='ltr'>re</span> 
     </span>
     <span class='ocr_line' id='line_1_19' title="bbox 86 1815 1098 1966; baseline -0.001 -18"><span class='ocrx_word' id='word_1_128' title='bbox 86 1815 223 1951; x_wconf 72' lang='lat' dir='ltr'>iudaeos</span> <span class='ocrx_word' id='word_1_129' title='bbox 237 1881 401 1950; x_wconf 80' lang='lat' dir='ltr'>coherceri</span> <span class='ocrx_word' id='word_1_130' title='bbox 416 1885 449 1948; x_wconf 93' lang='lat' dir='ltr'>et</span> <span class='ocrx_word' id='word_1_131' title='bbox 462 1881 621 1966; x_wconf 81' lang='lat' dir='ltr'>conprimi</span> <span class='ocrx_word' id='word_1_132' title='bbox 636 1880 775 1966; x_wconf 80' lang='lat' dir='ltr'>iusserit,</span> <span class='ocrx_word' id='word_1_133' title='bbox 789 1901 832 1946; x_wconf 90' lang='lat' dir='ltr'>su</span> <span class='ocrx_word' id='word_1_134' title='bbox 845 1879 945 1946; x_wconf 86' lang='lat' dir='ltr'>etiam</span> <span class='ocrx_word' id='word_1_135' title='bbox 960 1877 1098 1948; x_wconf 84' lang='lat' dir='ltr'>Christi·</span> 
     </span>
     <span class='ocr_line' id='line_1_20' title="bbox 86 1968 1096 2059; baseline -0.002 -21"><span class='ocrx_word' id='word_1_136' title='bbox 86 1994 166 2040; x_wconf 87' lang='lat' dir='ltr'>cnos</span> <span class='ocrx_word' id='word_1_137' title='bbox 189 1971 287 2039; x_wconf 89' lang='lat' dir='ltr'>simul</span> <span class='ocrx_word' id='word_1_138' title='bbox 310 1972 401 2040; x_wconf 92' lang='lat' dir='ltr'>uelut</span> <span class='ocrx_word' id='word_1_139' title='bbox 422 1974 581 2059; x_wconf 88' lang='lat' dir='ltr'>cognatas</span> <span class='ocrx_word' id='word_1_140' title='bbox 598 1969 768 2058; x_wconf 79' lang='lat' dir='ltr'>religionis</span> <span class='ocrx_word' id='word_1_141' title='bbox 786 1969 936 2038; x_wconf 89' lang='lat' dir='ltr'>homines</span> <span class='ocrx_word' id='word_1_142' title='bbox 954 1968 1096 2038; x_wconf 89' lang='lat' dir='ltr'>uoluerit</span> 
     </span>
    </p>

    <p class='ocr_par' dir='ltr' id='par_1_10' title="bbox 47 2059 668 2149">
     <span class='ocr_line' id='line_1_21' title="bbox 47 2059 668 2149; baseline 0.01 -27"><span class='ocrx_word' id='word_1_143' title='bbox 47 2079 74 2122; x_wconf 84' lang='lat' dir='ltr'>sc</span> <span class='ocrx_word' id='word_1_144' title='bbox 87 2061 217 2149; x_wconf 84' lang='lat' dir='ltr'>expelli,</span> <span class='ocrx_word' id='word_1_145' title='bbox 239 2082 444 2149; x_wconf 89' lang='lat' dir='ltr'>nequaquam</span> <span class='ocrx_word' id='word_1_146' title='bbox 467 2059 668 2128; x_wconf 82' lang='lat' dir='ltr'>discernitur.</span> 
     </span>
    </p>

    <p class='ocr_par' dir='ltr' id='par_1_11' title="bbox 22 2145 1153 2328">
     <span class='ocr_line' id='line_1_22' title="bbox 152 2145 1153 2236; baseline -0.008 -17"><span class='ocrx_word' id='word_1_147' title='bbox 152 2151 385 2220; x_wconf 80' lang='lat' dir='ltr'>Verumtamen</span> <span class='ocrx_word' id='word_1_148' title='bbox 416 2149 564 2236; x_wconf 86' lang='lat' dir='ltr'>sequenti</span> <span class='ocrx_word' id='word_1_149' title='bbox 595 2170 683 2216; x_wconf 89' lang='lat' dir='ltr'>anno</span> <span class='ocrx_word' id='word_1_150' title='bbox 715 2151 810 2215; x_wconf 82' lang='lat' dir='ltr'>tanta</span> <span class='ocrx_word' id='word_1_151' title='bbox 839 2145 944 2216; x_wconf 87' lang='lat' dir='ltr'>fames</span> <span class='ocrx_word' id='word_1_152' title='bbox 974 2145 1097 2215; x_wconf 82' lang='lat' dir='ltr'>Romae</span> <span class='ocrx_word' id='word_1_153' title='bbox 1117 2159 1153 2211; x_wconf 73' lang='grc' dir='ltr'>ιτ</span> 
     </span>
     <span class='ocr_line' id='line_1_23' title="bbox 22 2235 1097 2328; baseline 0.007 -27"><span class='ocrx_word' id='word_1_154' title='bbox 22 2257 74 2302; x_wconf 60' lang='lat' dir='ltr'>,cro</span> <span class='ocrx_word' id='word_1_155' title='bbox 87 2239 158 2328; x_wconf 86' lang='lat' dir='ltr'>fuit,</span> <span class='ocrx_word' id='word_1_156' title='bbox 179 2243 217 2309; x_wconf 90' lang='lat' dir='ltr'>ut</span> <span class='ocrx_word' id='word_1_157' title='bbox 234 2239 341 2309; x_wconf 87' lang='lat' dir='ltr'>medio</span> <span class='ocrx_word' id='word_1_158' title='bbox 364 2239 436 2308; x_wconf 85' lang='lat' dir='ltr'>foro</span> <span class='ocrx_word' id='word_1_159' title='bbox 454 2239 633 2327; x_wconf 86' lang='lat' dir='ltr'>imperator</span> <span class='ocrx_word' id='word_1_160' title='bbox 649 2241 817 2326; x_wconf 86' lang='lat' dir='ltr'>correptus</span> <span class='ocrx_word' id='word_1_161' title='bbox 835 2261 857 2307; x_wconf 90' lang='lat' dir='ltr'>a</span> <span class='ocrx_word' id='word_1_162' title='bbox 873 2238 996 2326; x_wconf 91' lang='lat' dir='ltr'>populo</span> <span class='ocrx_word' id='word_1_163' title='bbox 1016 2235 1097 2308; x_wconf 75' lang='lat' dir='ltr'>lcon·</span> 
     </span>
    </p>

    <p class='ocr_par' dir='ltr' id='par_1_12' title="bbox 86 2329 1098 2578">
     <span class='ocr_line' id='line_1_24' title="bbox 87 2329 1098 2420; baseline -0.003 -21"><span class='ocrx_word' id='word_1_164' title='bbox 87 2330 178 2399; x_wconf 87' lang='lat' dir='ltr'>uiciie</span> <span class='ocrx_word' id='word_1_165' title='bbox 196 2335 231 2399; x_wconf 88' lang='lat' dir='ltr'>et</span> <span class='ocrx_word' id='word_1_166' title='bbox 247 2331 463 2420; x_wconf 77' lang='lat' dir='ltr'>fragminibus</span> <span class='ocrx_word' id='word_1_167' title='bbox 481 2330 575 2417; x_wconf 87' lang='lat' dir='ltr'>panis</span> <span class='ocrx_word' id='word_1_168' title='bbox 593 2329 779 2417; x_wconf 86' lang='lat' dir='ltr'>turpissime</span> <span class='ocrx_word' id='word_1_169' title='bbox 797 2329 979 2415; x_wconf 84' lang='lat' dir='ltr'>infestatus,</span> <span class='ocrx_word' id='word_1_170' title='bbox 1002 2351 1098 2418; x_wconf 88' lang='lat' dir='ltr'>aegre</span> 
     </span>
     <span class='ocr_line' id='line_1_25' title="bbox 86 2417 1098 2578; baseline -0.004 -89"><span class='ocrx_word' id='word_1_171' title='bbox 86 2421 425 2578; x_wconf 41' lang='lat' dir='ltr'>petitpseuflzthyrum</span> <span class='ocrx_word' id='word_1_172' title='bbox 452 2418 669 2575; x_wconf 43' lang='lat' dir='ltr'>inhl’alatium</span> <span class='ocrx_word' id='word_1_173' title='bbox 695 2417 859 2506; x_wconf 76' lang='lat' dir='ltr'>refugiens</span> <span class='ocrx_word' id='word_1_174' title='bbox 881 2418 1023 2486; x_wconf 90' lang='lat' dir='ltr'>furorem</span> <span class='ocrx_word' id='word_1_175' title='bbox 1046 2440 1098 2486; x_wconf 85' lang='lat' dir='ltr'>ex·</span> 
     </span>
    </p>

    <p class='ocr_par' dir='ltr' id='par_1_13' title="bbox 46 2527 1349 2883">
     <span class='ocr_line' id='line_1_26' title="bbox 46 2527 1349 2571; baseline -0.001 0"><span class='ocrx_word' id='word_1_176' title='bbox 46 2527 74 2571; x_wconf 85' lang='lat' dir='ltr'>ss</span> <span class='ocrx_word' id='word_1_177' title='bbox 1348 2557 1349 2570; x_wconf 67' lang='grc'>,</span> 
     </span>
     <span class='ocr_line' id='line_1_27' title="bbox 87 2530 1349 2692; baseline -0.005 -26"><span class='ocrx_word' id='word_1_178' title='bbox 87 2531 117 2578; x_wconf 60' lang='lat' dir='ltr'><strong>m</strong></span> <span class='ocrx_word' id='word_1_179' title='bbox 152 2530 614 2666; x_wconf 50' lang='lat' dir='ltr'>Pirrioeauiieriruiriteericedente</span> <span class='ocrx_word' id='word_1_180' title='bbox 630 2599 778 2684; x_wconf 85' lang='lat' dir='ltr'>&#39;tempore</span> <span class='ocrx_word' id='word_1_181' title='bbox 796 2595 935 2684; x_wconf 87' lang='lat' dir='ltr'>triginta</span> <span class='ocrx_word' id='word_1_182' title='bbox 952 2600 986 2663; x_wconf 92' lang='lat' dir='ltr'>et</span> <span class='ocrx_word' id='word_1_183' title='bbox 1002 2595 1096 2683; x_wconf 87' lang='lat' dir='ltr'>quin-</span> <span class='ocrx_word' id='word_1_184' title='bbox 1115 2606 1151 2660; x_wconf 74' lang='grc' dir='ltr'>ιο</span> <span class='ocrx_word' id='word_1_185' title='bbox 1286 2577 1290 2585; x_wconf 39' lang='lat'><strong>⁴</strong></span> <span class='ocrx_word' id='word_1_186' title='bbox 1348 2685 1349 2692; x_wconf 6' lang='grc' dir='ltr'>ἵ</span> 
     </span>
     <span class='ocr_line' id='line_1_28' title="bbox 88 2683 1349 2774; baseline -0.005 -18"><span class='ocrx_word' id='word_1_187' title='bbox 88 2709 149 2774; x_wconf 90' lang='lat' dir='ltr'>qus</span> <span class='ocrx_word' id='word_1_188' title='bbox 185 2691 352 2756; x_wconf 87' lang='lat' dir='ltr'>senatores</span> <span class='ocrx_word' id='word_1_189' title='bbox 384 2691 418 2755; x_wconf 89' lang='lat' dir='ltr'>et</span> <span class='ocrx_word' id='word_1_190' title='bbox 447 2689 611 2754; x_wconf 86' lang='lat' dir='ltr'>trecentos</span> <span class='ocrx_word' id='word_1_191' title='bbox 643 2685 741 2752; x_wconf 90' lang='lat' dir='ltr'>simul</span> <span class='ocrx_word' id='word_1_192' title='bbox 772 2685 898 2773; x_wconf 84' lang='lat' dir='ltr'>equitas</span> <span class='ocrx_word' id='word_1_193' title='bbox 930 2683 1097 2753; x_wconf 84' lang='lat' dir='ltr'>Romanos</span> <span class='ocrx_word' id='word_1_194' title='bbox 1348 2693 1349 2700; x_wconf 77' lang='grc'>’</span> 
     </span>
     <span class='ocr_line' id='line_1_29' title="bbox 88 2773 1098 2883; baseline -0.004 -39"><span class='ocrx_word' id='word_1_195' title='bbox 88 2777 227 2883; x_wconf 81' lang='lat' dir='ltr'>minimis</span> <span class='ocrx_word' id='word_1_196' title='bbox 245 2777 351 2846; x_wconf 87' lang='lat' dir='ltr'>causis</span> <span class='ocrx_word' id='word_1_197' title='bbox 370 2775 548 2862; x_wconf 88' lang='lat' dir='ltr'>interfecit;</span> <span class='ocrx_word' id='word_1_198' title='bbox 565 2775 636 2863; x_wconf 89' lang='lat' dir='ltr'>ipse</span> <span class='ocrx_word' id='word_1_199' title='bbox 655 2779 763 2842; x_wconf 90' lang='lat' dir='ltr'>autem</span> <span class='ocrx_word' id='word_1_200' title='bbox 782 2773 962 2842; x_wconf 79' lang='lat' dir='ltr'>manifestis</span> <span class='ocrx_word' id='word_1_201' title='bbox 980 2773 1098 2842; x_wconf 87' lang='lat' dir='ltr'>ueneni</span> 
     </span>
    </p>

    <p class='ocr_par' dir='ltr' id='par_1_14' title="bbox 48 2871 1330 3255">
     <span class='ocr_line' id='line_1_30' title="bbox 48 2871 1328 3026; baseline -0.008 0"><span class='ocrx_word' id='word_1_202' title='bbox 48 2971 75 3016; x_wconf 59' lang='grc' dir='ltr'>ὓ</span> <span class='ocrx_word' id='word_1_203' title='bbox 88 2871 264 3026; x_wconf 52' lang='lat' dir='ltr'>”Sumit</span> <span class='ocrx_word' id='word_1_204' title='bbox 278 2871 442 3025; x_wconf 56' lang='lat' dir='ltr'>iiioriih:</span> <span class='ocrx_word' id='word_1_205' title='bbox 456 2954 585 3024; x_wconf 81' lang='lat' dir='ltr'>conditu</span> <span class='ocrx_word' id='word_1_206' title='bbox 612 2969 768 3023; x_wconf 73' lang='lat' dir='ltr'>uoccwn</span> <span class='ocrx_word' id='word_1_207' title='bbox 795 2950 883 3021; x_wconf 85' lang='lat' dir='ltr'>Nero</span> <span class='ocrx_word' id='word_1_208' title='bbox 906 2949 1029 3021; x_wconf 81' lang='lat' dir='ltr'>anscr</span> <span class='ocrx_word' id='word_1_209' title='bbox 1055 2952 1132 3020; x_wconf 77' lang='lat' dir='ltr'>abl</span> <span class='ocrx_word' id='word_1_210' title='bbox 1224 3005 1227 3012; x_wconf 91' lang='lat'><em>.</em></span> <span class='ocrx_word' id='word_1_211' title='bbox 1321 2889 1328 2969; x_wconf 59' lang='grc' dir='ltr'>Ι</span> 
     </span>
     <span class='ocr_line' id='line_1_31' title="bbox 87 2972 1330 3137; baseline -0.005 -23"><span class='ocrx_word' id='word_1_212' title='bbox 87 3046 237 3136; x_wconf 77' lang='lat' dir='ltr'>Augusto</span> <span class='ocrx_word' id='word_1_213' title='bbox 264 3047 397 3136; x_wconf 87' lang='lat' dir='ltr'>quintus</span> <span class='ocrx_word' id='word_1_214' title='bbox 424 3044 643 3135; x_wconf 73' lang='lat' dir='ltr'>principetum</span> <span class='ocrx_word' id='word_1_215' title='bbox 669 3043 804 3132; x_wconf 88' lang='lat' dir='ltr'>adeptus</span> <span class='ocrx_word' id='word_1_216' title='bbox 834 3045 886 3110; x_wconf 86' lang='lat' dir='ltr'>ast</span> <span class='ocrx_word' id='word_1_217' title='bbox 914 3043 1019 3110; x_wconf 88' lang='lat' dir='ltr'>msnsi</span> <span class='ocrx_word' id='word_1_218' title='bbox 1058 3062 1097 3110; x_wconf 89' lang='lat' dir='ltr'>ue</span> <span class='ocrx_word' id='word_1_219' title='bbox 1322 2972 1330 3137; x_wconf 68' lang='lat' dir='ltr'>i</span> 
     </span>
     <span class='ocr_line' id='line_1_32' title="bbox 87 3128 1330 3255; baseline -0.006 -52"><span class='ocrx_word' id='word_1_220' title='bbox 87 3135 121 3203; x_wconf 93' lang='lat' dir='ltr'>in</span> <span class='ocrx_word' id='word_1_221' title='bbox 144 3158 183 3205; x_wconf 86' lang='lat' dir='ltr'>eo</span> <span class='ocrx_word' id='word_1_222' title='bbox 206 3137 301 3205; x_wconf 86' lang='lat' dir='ltr'>annis</span> <span class='ocrx_word' id='word_1_223' title='bbox 322 3159 391 3205; x_wconf 87' lang='lat' dir='ltr'>non</span> <span class='ocrx_word' id='word_1_224' title='bbox 412 3135 518 3224; x_wconf 85' lang='lat' dir='ltr'>plenis</span> <span class='ocrx_word' id='word_1_225' title='bbox 541 3132 808 3238; x_wconf 72' lang='lat' dir='ltr'>quattuordecim.</span> <span class='ocrx_word' id='word_1_226' title='bbox 843 3129 905 3199; x_wconf 82' lang='lat' dir='ltr'>Gai</span> <span class='ocrx_word' id='word_1_227' title='bbox 928 3128 1045 3220; x_wconf 81' lang='lat' dir='ltr'>Caligo</span> <span class='ocrx_word' id='word_1_228' title='bbox 1058 3153 1097 3199; x_wconf 87' lang='lat' dir='ltr'>ss</span> <span class='ocrx_word' id='word_1_229' title='bbox 1323 3140 1330 3255; x_wconf 52' lang='grc' dir='ltr'>ι</span> 
     </span>
    </p>

    <p class='ocr_par' dir='ltr' id='par_1_15' title="bbox 22 3220 1331 3693">
     <span class='ocr_line' id='line_1_33' title="bbox 22 3220 1330 3327; baseline 0.004 -48"><span class='ocrx_word' id='word_1_230' title='bbox 22 3239 74 3283; x_wconf 82' lang='lat' dir='ltr'>‚su</span> <span class='ocrx_word' id='word_1_231' title='bbox 88 3226 239 3326; x_wconf 78' lang='lat' dir='ltr'>auunculi</span> <span class='ocrx_word' id='word_1_232' title='bbox 271 3225 324 3292; x_wconf 88' lang='lat' dir='ltr'>sui</span> <span class='ocrx_word' id='word_1_233' title='bbox 355 3247 435 3314; x_wconf 84' lang='lat' dir='ltr'>erga</span> <span class='ocrx_word' id='word_1_234' title='bbox 466 3245 579 3292; x_wconf 76' lang='lat' dir='ltr'>omnis</span> <span class='ocrx_word' id='word_1_235' title='bbox 612 3220 701 3326; x_wconf 76' lang='lat' dir='ltr'>luitis</span> <span class='ocrx_word' id='word_1_236' title='bbox 731 3221 923 3327; x_wconf 60' lang='lat' dir='ltr'>soscelera</span> <span class='ocrx_word' id='word_1_237' title='bbox 953 3223 1097 3324; x_wconf 73' lang='lat' dir='ltr'>sectstcr</span> <span class='ocrx_word' id='word_1_238' title='bbox 1174 3306 1175 3312; x_wconf 7' lang='grc' dir='ltr'>ἵ</span> <span class='ocrx_word' id='word_1_239' title='bbox 1324 3258 1330 3317; x_wconf 57' lang='lat'><em>3</em></span> 
     </span>
     <span class='ocr_line' id='line_1_34' title="bbox 48 3307 1330 3496; baseline 0.007 -42"><span class='ocrx_word' id='word_1_240' title='bbox 48 3310 711 3496; x_wconf 56' lang='lat' dir='ltr'>„zmrlrhth‘selmllffi</span> <span class='ocrx_word' id='word_1_241' title='bbox 734 3307 1096 3482; x_wconf 54' lang='lat' dir='ltr'>ttrittrlttssh</span> <span class='ocrx_word' id='word_1_242' title='bbox 1325 3362 1330 3463; x_wconf 75' lang='lat' dir='ltr'>l</span> 
     </span>
     <span class='ocr_line' id='line_1_35' title="bbox 109 3480 1331 3586; baseline 0.008 -43"><span class='ocrx_word' id='word_1_243' title='bbox 109 3480 216 3580; x_wconf 74' lang='lat' dir='ltr'>orclem</span> <span class='ocrx_word' id='word_1_244' title='bbox 251 3481 434 3565; x_wconf 87' lang='lat' dir='ltr'>petulentia</span> <span class='ocrx_word' id='word_1_245' title='bbox 464 3483 605 3564; x_wconf 87' lang='lat' dir='ltr'>percitus</span> <span class='ocrx_word' id='word_1_246' title='bbox 636 3483 747 3551; x_wconf 88' lang='lat' dir='ltr'>omnic</span> <span class='ocrx_word' id='word_1_247' title='bbox 777 3504 880 3572; x_wconf 81' lang='lat' dir='ltr'>paene</span> <span class='ocrx_word' id='word_1_248' title='bbox 910 3483 1026 3586; x_wconf 77' lang='lat' dir='ltr'>ltaliae</span> <span class='ocrx_word' id='word_1_249' title='bbox 1057 3504 1096 3586; x_wconf 77' lang='lat' dir='ltr'>ao</span> <span class='ocrx_word' id='word_1_250' title='bbox 1325 3486 1331 3573; x_wconf 71' lang='lat' dir='ltr'><strong>j</strong></span> 
     </span>
     <span class='ocr_line' id='line_1_36' title="bbox 88 3501 1331 3693; baseline 0.01 -65"><span class='ocrx_word' id='word_1_251' title='bbox 88 3501 240 3630; x_wconf 42' lang='lat' dir='ltr'>hou</span> <span class='ocrx_word' id='word_1_252' title='bbox 269 3565 399 3633; x_wconf 61' lang='lat' dir='ltr'>mostra</span> <span class='ocrx_word' id='word_1_253' title='bbox 427 3567 641 3655; x_wconf 85' lang='lat' dir='ltr'>perlustrans,</span> <span class='ocrx_word' id='word_1_254' title='bbox 675 3571 848 3654; x_wconf 82' lang='lat' dir='ltr'>sdsumpto</span> <span class='ocrx_word' id='word_1_255' title='bbox 879 3573 980 3662; x_wconf 76' lang='lat' dir='ltr'>stram</span> <span class='ocrx_word' id='word_1_256' title='bbox 1010 3571 1095 3638; x_wconf 70' lang='lat' dir='ltr'>nafis</span> <span class='ocrx_word' id='word_1_257' title='bbox 1326 3598 1331 3693; x_wconf 67' lang='grc' dir='ltr'>Ι</span> 
     </span>
    </p>

    <p class='ocr_par' dir='ltr' id='par_1_16' title="bbox 767 3696 1331 3732">
     <span class='ocr_line' id='line_1_37' title="bbox 767 3696 1331 3732; baseline -0.002 0"><span class='ocrx_word' id='word_1_258' title='bbox 767 3723 770 3732; x_wconf 91' lang='grc'>.</span> <span class='ocrx_word' id='word_1_259' title='bbox 1327 3696 1331 3731; x_wconf 91' lang='lat' dir='ltr'>l</span> 
     </span>
    </p>
   </div>
   <div class='ocr_carea' id='block_1_3' title="bbox 0 0 1382 3800">
    <p class='ocr_par' dir='ltr' id='par_1_17' title="bbox 0 0 1382 3800">
     <span class='ocr_line' id='line_1_38' title="bbox 0 0 1382 3800; baseline 0 0"><span class='ocrx_word' id='word_1_260' title='bbox 0 0 1382 3800; x_wconf 95' lang='lat' dir='ltr'> </span> 
     </span>
    </p>
   </div>
  </div>
 </body>
</html>
