2714 3788
205 166 272 234 278
447 171 558 224 Pfflal
576 169 699 224 onosn
716 169 966 224 morosum

205 307 334 396 trepidi,
355 308 446 375 uelut
465 309 506 375 ad
523 309 645 394 hostes,
667 309 722 376 sed
740 309 831 394 uerti,
853 309 929 395 quia
947 310 987 376 ad
1006 308 1133 393 iratres,
1155 329 1215 396 pro

207 395 330 462 Christi
351 396 553 464 confessione
575 396 739 485 ingerunt.
1045 427 1057 446 ι

145 495 187 548 ιο
271 482 521 551 Valentinianus
544 483 696 570 Saxones,
719 487 851 588 gentem
873 485 908 550 in
929 485 1042 552 ooeani
1065 483 1215 551 litoribus

205 577 240 640 et
260 572 434 658 paludibus
456 573 554 640 inuiis
573 573 680 658 sitam,
702 577 824 640 uirtute
842 576 940 659 atque
957 572 1107 661 agilitate
1123 571 1216 639 terri·
1270 611 1276 622 -

203 662 312 748 bilem,
328 661 543 748 periculosam
562 661 718 730 Romwis
736 662 855 729 finibus
873 663 1074 749 eruptionem
1093 678 1242 749 magnas

204 750 290 818 mole
312 751 508 818 meditantes
530 751 565 818 in
588 751 669 837 ipsis
688 749 886 818 Francorum
904 751 1024 818 tinibus
1043 750 1214 838 oppressit

146 850 184 904 ιι
205 837 474 928 Burgundionum
483 861 611 929 qnoque
619 861 780 907 nouorum
792 839 936 907 hostium
951 860 1073 907 nouum
1085 859 1214 922 nornen,

203 929 260 1015 qni
281 928 356 1014 plns
378 950 476 1015 quam
499 929 667 1017 octoginta
689 928 794 1014 milis,
816 931 854 996 ut
874 927 991 1014 ierunt,
1013 932 1213 996 armatorum

149 1027 187 1082 u
204 1017 296 1102 ripae
309 1017 415 1084 Rheni
431 1017 574 1084 fluminis
592 1017 790 1084 insederunt
821 1017 883 1084 hos
901 1017 1064 1104 quondam
1078 1016 1214 1083 subsuta

203 1105 358 1173 interiore
375 1105 550 1174 Germania
574 1129 595 1173 a
612 1105 720 1174 Druso
743 1110 777 1172 st
793 1105 935 1191 Tiberio,
957 1104 1120 1193 adoptinis
1138 1103 1213 1172 filiis
1228 1123 1254 1166 ιο

202 1191 365 1281 Caesaris,
390 1216 449 1283 per
474 1199 582 1262 matrs
608 1194 785 1282 dispositos
813 1196 848 1261 in
875 1215 1029 1284 magnam
1052 1193 1213 1262 coaluisse

201 1287 332 1374 gentem
345 1287 442 1373 atque
454 1283 504 1352 ita
520 1285 618 1353 etiarn
637 1305 756 1352 nomen
775 1305 815 1351 ex
832 1304 930 1372 opero
946 1283 1213 1372 praesumpsisse,

201 1375 279 1528 qnpa
296 1375 411 1442 erebra
427 1378 487 1530 per
504 1373 650 1442 limitem
668 1373 856 1441 habitacula
870 1374 1048 1529 opppltituta
1060 1373 1211 1530 tburgos
1229 1401 1252 1443 s
1265 1392 1305 1437 sss

200 1485 245 1530 uu
327 1485 430 1532 nomn
487 1486 600 1531 eorum
622 1486 663 1530 ue
692 1485 763 1530 osse
813 1485 891 1530 raon
925 1487 936 1530 1
959 1485 1012 1531 am
1042 1484 1060 1530 e
1127 1483 1211 1529 erur-

201 1485 324 1620 oiossssorn
341 1513 473 1620 manuris
491 1487 621 1620 (inlusi
640 1486 918 1640 hodiequeptestes
936 1555 1022 1638 sunt,
1040 1551 1074 1618 in
1092 1485 1210 1639 qixibus
1225 1569 1252 1612 ss

148 1653 184 1705 ¹⁸
201 1638 1213 1815 ammittitetstadttttt:

201 1817 340 1901 clericis,
366 1818 485 1905 qnibns
507 1819 710 1905 oboedirent,
735 1819 874 1905 receptis
902 1818 1020 1885 blande
1042 1824 1213 1885 mansuete

201 1905 453 1994 innocenterque
475 1907 603 1991 uiuant,
629 1928 696 1975 non
717 1907 811 1995 quasi
833 1928 906 1974 euru
930 1906 1083 1975 subieotis
1107 1903 1212 1973 Gallis

200 1995 257 2062 sed
280 2017 357 2062 uero
377 2018 452 2062 oum
475 1995 632 2062 fretibus
654 1993 859 2064 Christianis.
1225 2013 1275 2067 ω,

149 2093 185 2148 u
268 2083 365 2152 Anno
392 2087 500 2152 autern
527 2085 699 2154 undecimo
725 2083 854 2170 imperii
876 2084 928 2151 sui
950 2080 1212 2169 Valentinianus,

200 2194 273 2241 oum
292 2171 462 2242 Sarmatas
484 2195 556 2242 sess
578 2196 637 2262 per
652 2172 844 2242 'Pannonius
867 2172 1072 2241 diffudissent
1093 2192 1212 2260 easque
1255 2235 1256 2238 ,

198 2266 381 2351 autemut,
416 2263 538 2332 bullum
569 2265 605 2332 in
636 2285 692 2332 eos
728 2284 847 2351 paruus
880 2262 964 2351 apud
996 2261 1211 2351 Brigitionern

200 2353 356 2441 oppidum
378 2353 490 2423 subita
510 2353 665 2422 effusione
688 2351 867 2444 sanguinis,
888 2352 975 2442 qnod
993 2351 1116 2422 Gnaeos
1134 2375 1210 2442 spo·

200 2443 306 2532 plexis
327 2447 478 2530 nonatur,
500 2445 677 2512 suffocatus
700 2448 734 2511 et
755 2447 904 2511 mortuus
927 2447 986 2511 est.
1223 2459 1251 2504 st

151 2543 185 2598 ts
267 2531 348 2602 Post
400 2555 474 2602 uem
505 2531 681 2602 Gntisnns
712 2533 800 2602 filius
831 2530 1007 2608 ooeidentis
1038 2532 1211 2622 imperinm

200 2624 315 2709 tenuit,
332 2555 471 2691 Veiente
488 2629 606 2711 patruo
628 2624 664 2691 in
685 2623 822 2692 orientis
844 2623 994 2709 partibus
1017 2623 1209 2709 oonstitnto3

200 2709 467 2780 Valentinianum
486 2713 596 2796 etiarn,
614 2713 751 2780 fratrem
769 2733 862 2780 suum
875 2733 1012 2800 paruum
1027 2711 1211 2796 admodum,

201 2802 325 2871 sodnnr
346 2801 471 2872 creauit
492 2802 629 2891 imperii

150 2895 188 2956 tt
268 2891 367 2960 Anno
389 2892 432 2979 ab
454 2892 533 2960 urbo
555 2892 686 2960 oondita
703 2909 868 2960 uoxxvm
885 2889 1008 2960 Valens
1026 2891 1210 2959 tricesimus
1223 2909 1251 2953 so

201 3002 309 3050 nonus
337 2980 508 3070 imperium
531 2985 688 3070 quattuor
709 2981 803 3050 annis
826 2980 1059 3050 Valentiniano
1081 2984 1209 3049 mortuo

88 3155 90 3162 Α
199 3071 317 3156 tenuit,
332 3069 386 3139 oni
403 3070 477 3157 soli,
493 3091 566 3139 oum
585 3071 684 3176 impie
702 3075 824 3160 ageret,
840 3071 1001 3159 potuisset
1013 3071 1211 3138 erubescere.

200 3159 278 3229 ilico
303 3159 395 3228 nelnt
424 3159 583 3228 effrenata
615 3157 784 3229 'libertatis
813 3159 950 3228 audacia
977 3160 1082 3249 legem
1112 3157 1209 3247 dedit,
1227 3179 1298 3229 aas

200 3254 239 3317 nt
255 3247 415 3337 monsshi,
436 3250 500 3318 hoo
518 3253 570 3318 est
587 3245 766 3318 christani
783 3248 839 3337 qui
857 3248 899 3317 ad
916 3270 1016 3318 unum
1033 3247 1110 3318 fidei
1127 3270 1209 3335 opus

200 3339 335 3408 dimine
351 3337 566 3409 sssonlariurn
583 3361 692 3408 rerurn
709 3337 903 3408 rnnltirnoda
920 3338 1048 3409 notione
1070 3360 1107 3408 ss
1128 3337 1211 3408 redi·
1223 3355 1251 3404 ss

1310 3579 1317 3769 i
