2702 3776
231 160 297 228 298
479 163 588 217 rem
605 162 727 217 onosn
744 161 994 216 mswnmvsi

232 303 444 373 Sebastianus
472 303 573 370 iruler
601 303 744 372 eiusdem
773 302 837 371 hoc
866 302 987 388 solnm,
1017 305 1055 370 ut
1082 306 1241 390 tyrannus

232 396 424 480 moreretur,
453 388 575 480 elelgit:
605 413 682 459 nem
707 392 861 460 continuo
890 395 929 458 ut
958 396 1086 460 orestus
1113 391 1240 459 occisus
1257 417 1280 459 ι
1293 407 1319 452 ιι

194 487 289 553 rest
333 481 411 574 quid
439 482 480 551 de
506 480 730 551 infelicissimo
757 480 871 550 Attalo
899 481 1027 570 loquer,
1056 481 1109 549 cui
1137 479 1240 549 occidi

228 575 314 645 inter
341 581 499 664 tyrnnnos
527 571 633 643 honor
662 579 696 642 et
725 572 808 643 mori
837 573 962 642 lucrum
991 571 1074 641 luit?
1110 570 1145 640 in
1177 569 1240 640 hoo

226 665 379 733 Aletium
407 666 601 751 imperatore
627 664 715 732 lecto
743 663 864 733 iniecto
892 664 1013 733 reiecto
1043 685 1081 731 ec
1104 661 1266 746 deiecto·

227 753 324 820 citius
345 753 398 819 his
425 752 576 818 omnibus
604 754 686 819 notis
713 774 815 856 poene
842 774 941 839 quum
968 750 1077 835 dictis,
1104 752 1239 818 mimum

192 839 303 906 erisit
329 842 363 905 ot
387 837 500 906 ludum
529 839 690 925 spectauit
717 839 858 925 imperii3
885 860 946 905 nec
972 839 1092 904 mirum
1119 838 1148 904 si
1170 839 1239 904 inre

228 926 291 995 hec
307 949 429 1015 pompe
446 927 547 995 miser
564 927 654 995 lusus
673 932 732 1015 est,
749 927 840 995 cuius
854 927 910 994 ille
924 925 1105 994 umbratilis
1124 925 1239 993 consul

38 1000 44 1102 J
155 1071 156 1074 η
227 1015 392 1084 Tertullus
423 1038 521 1084 eusus
550 1017 911 1085 estincuriedicerc:
943 1017 1080 1102 loquer
1111 1013 1240 1100 uobis,

226 1109 358 1191 potres
381 1105 614 1191 conscripti,
640 1105 778 1173 consul
802 1110 840 1172 et
862 1103 1053 1192 pontifex,
1076 1125 1237 1193 quorum
1253 1121 1279 1162 ιο

227 1193 394 1259 ultorum
416 1196 545 1277 teneo,
567 1194 732 1260 ultorum
755 1214 882 1278 spero,
903 1214 1039 1278 spernus
1062 1192 1105 1259 eb
1124 1214 1163 1258 eo
1182 1193 1238 1278 qni

225 1301 317 1368 spem
345 1302 414 1349 non
442 1281 587 1349 habebut
617 1281 659 1349 et'
672 1281 863 1349 maledictos
886 1281 1011 1368 utique,
1039 1281 1116 1366 quin
1145 1300 1237 1366 spem

188 1381 318 1435 esuum
345 1375 500 1454 posceret
525 1370 562 1435 in
588 1368 730 1436 homine.
775 1371 908 1437 Attalus
934 1371 1045 1454 iteque
1067 1375 1236 1455 tamquam

224 1455 321 1560 inune
348 1457 477 1543 imperii
504 1457 712 1524 simulacrum
739 1478 813 1561 epm
839 1457 955 1524 Gothis
984 1478 1082 1561 usque
1113 1457 1155 1522 ed
1177 1455 1236 1522 Hi·

105 1720 109 1728 ‚
223 1544 1276 1716 lffillltlllut'tlllzmnzlotlcltttll'*

37 1765 44 1796 :
224 1717 339 1784 deinde
367 1719 554 1804 imperatori
584 1719 732 1786 Honorio
763 1721 927 1786 exhibitus
956 1721 1107 1786 trunceto
1136 1741 1236 1786 monn

36 1819 44 1868 ι
171 1807 312 1872 ionitae
333 1807 464 1872 relictus
486 1810 545 1872 cst
590 1806 804 1873 Heraclianus
826 1807 952 1872 intereo
974 1805 1104 1872 Airicee
1126 1827 1235 1873 comes

223 1893 355 1978 missus,
382 1915 456 1960 cum
483 1893 570 1960 idem
592 1894 724 1961 Attalus
751 1895 899 1960 umbram
926 1898 1072 1980 gestaret
1097 1893 1236 1979 imperii,

114 2001 116 2006 ·
222 1979 371 2048 Africum
388 1987 520 2048 strenue
538 1981 709 2049 aduersum
723 1981 844 2049 iudices
859 1982 901 2048 ol)
915 2003 953 2048 eo
967 1982 1085 2048 missos
1099 1985 1236 2066 tutetur,
1248 1997 1276 2040 ιο

39 2089 43 2178 ἶ
170 2081 204 2134 11
222 2069 427 2136 eonsulotum
450 2069 620 2138 adsecutus
642 2073 706 2155 est;
731 2092 795 2156 qno
817 2071 922 2136 elutus
945 2069 1119 2156 supercilio
1143 2068 1234 2136 Subi·

222 2177 303 2223 num
324 2156 538 2225 domesticum
559 2181 663 2244 sunm,
684 2161 791 2226 uirum
813 2159 946 2245 ingenio
968 2158 1122 2225 callidum
1144 2157 1235 2225 indn-

223 2245 368 2332 shieque
390 2245 556 2314 sollertem
579 2251 613 2314 et
634 2245 816 2332 sapientem
833 2246 1068 2313 nominandum
1086 2247 1114 2314 si
1133 2247 1234 2313 enimi

39 2373 43 2382 ·
125 2391 131 2402 .
222 2333 308 2401 uires
344 2335 527 2422 trenquillis
563 2335 679 2402 studiis
716 2333 1042 2421 adcommodeuisset,
1078 2355 1234 2423 generum

39 2455 43 2520 ¹,
171 2433 208 2486 ιι
224 2423 351 2512 allegit3
378 2445 451 2492 cunr
479 2445 543 2510 qno
565 2422 770 2511 quorundam
792 2423 1010 2511 periculorum
1033 2423 1274 2511 suspicionem

222 2512 300 2580 dum
322 2505 449 2600 petitur
468 2511 548 2581 iecit
568 2517 680 2599 etque,
702 2511 901 2601 eliqunmdiu
923 2511 1081 2580 Airicene
1103 2533 1233 2579 annone

222 2607 314 2670 extro
344 2601 490 2670 ordinem
521 2602 666 2688 detento,
699 2601 776 2690 ¹ipso
809 2601 940 2669 tundem
971 2623 1045 2669 cum
1077 2601 1234 2688 inmense,
1251 2627 1273 2669 n
1286 2613 1319 2657 ⁵⁸¹

221 2695 309 2760 certe
322 2691 523 2777 temporibus
536 2692 661 2760 nostris
679 2692 760 2758 setis
778 2689 958 2759 incredibili
976 2691 1081 2758 clesse
1099 2691 1233 2758 nonium

169 2791 205 2844 ιι
222 2779 363 2848 llomcm
397 2781 573 2848 contendit
625 2802 702 2848 nom
737 2779 892 2849 habuisse
928 2784 1007 2847 tunc
1041 2781 1106 2848 tris
1141 2779 1233 2848 milis

222 2867 444 2956 septingentos
470 2890 572 2936 nones
599 2869 731 2954 dicitur,
757 2891 853 2956 quem
879 2889 1051 2936 numerum
1077 2890 1120 2936 ne
1147 2869 1273 2956 epudro

220 2955 350 3024 Xerxen
375 2955 505 3044 quidem
530 2957 734 3044 preeclurnm
755 2959 849 3024 illum
872 2956 1044 3024 Persarum
1066 2977 1177 3046 rogem
1198 2964 1233 3026 et

219 3044 442 3113 Alexandrum
472 3044 530 3113 Mu
575 3069 630 3114 nm
661 3047 714 3113 uel
749 3067 945 3133 quemquem
981 3047 1081 3114 elium
1116 3065 1231 3134 regum

169 3144 206 3197 ιι
220 3131 322 3200 inisse
343 3132 500 3200 historice
536 3140 641 3202 erunt.
674 3133 824 3201 insimul
845 3139 884 3200 ut
905 3155 978 3201 cnm
997 3134 1128 3220 agmine
1146 3135 1232 3202 mili·

219 3224 291 3289 tuur
319 3220 362 3287 ed
389 3220 502 3288 urbem
531 3241 670 3326 pergens
698 3222 794 3290 litore
823 3241 971 3310 egressus
1001 3227 1065 3307 cst,
1094 3242 1231 3290 occursu

219 3307 350 3376 comitis
376 3307 496 3376 Morini
521 3315 656 3377 temtus
683 3315 717 3376 et
743 3309 778 3376 in
804 3307 918 3398 iugum
946 3331 1073 3394 uersus,
1100 3315 1271 3396 arrepto&

218 3396 298 3464 neni
315 3396 404 3465 solus
421 3395 656 3486 Oerthngincm
677 3397 775 3466 rediit
792 3402 889 3486 etque
906 3397 955 3465 ibi
973 3397 1127 3466 continuo
1146 3397 1230 3464 mili·

218 3483 285 3551 teri
310 3505 409 3552 menn
435 3484 624 3554 interiectus
654 3492 712 3554 cst
758 3484 898 3554 Sobinus
926 3507 1028 3574 gener
1055 3485 1125 3553 eius
1148 3483 1231 3554 Con·
