2800 3790
314 135 511 189 mvneevsr
528 133 695 188 esesroe
711 135 755 188 m
773 138 870 192 s-rc.
1059 131 1102 198 73
1141 217 1143 223 Α

13 294 75 338 »ια
88 277 189 343 inisse
215 276 420 344 uoluntatem
448 275 551 343 libero
578 276 780 362 honestoque
802 272 921 342 stuldic
943 274 1099 342 inseruire

84 364 158 450 psci
186 368 284 448 etqrw
310 363 346 429 in
372 383 543 430 commune
569 363 738 432 consulere
758 397 805 412 —
827 363 913 464 qnod
939 362 1030 447 prins
1060 384 1100 431 ne

86 473 152 517 nne
179 450 308 538 quidem
332 449 448 517 ciuitu
470 470 595 517 unusne
617 451 756 536 populns
778 449 899 517 ciururn
921 449 987 535 uel,
1013 451 1099 536 quod

87 539 192 608 meins
215 543 279 628 est,
301 560 368 607 nne
390 538 506 607 domus
528 537 669 607 ircuurn
691 537 812 628 iugiter
833 538 954 606 hebere
976 537 1100 626 petuis·
1265 588 1268 599 .

59 635 136 700 sset
151 654 207 715 -ς
229 629 346 719 quodsi
368 627 477 712 etism,
499 651 574 698 cnm
591 628 772 717 imperante
786 625 925 697 Oeesers
943 627 1009 697 iste
1026 651 1099 716 pre
1118 637 1135 692 t

88 720 245 804 uenerint,
270 720 303 786 in
326 721 400 804 ipso
423 718 560 806 imperio
584 715 733 786 Oseserie
755 718 913 785 inluxisse
936 723 1043 786 crtum
1066 719 1101 786 in

86 807 151 874 hoc
179 804 300 873 mundo
329 805 463 873 Domini
490 805 598 873 nostri
627 805 702 872 Iesu
732 803 856 872 Christi
886 803 1100 892 liquidissime

86 895 278 982 probatione
309 893 519 961 menifestum
546 897 610 961 estc
638 892 736 960 inuiti
764 892 841 960 licet
866 892 929 979 illi,
956 913 1039 980 qnos
1065 893 1138 961 ins
1267 878 1270 902 ¹

87 983 325 1070 blasphemiam
357 982 518 1071 urguebat
545 981 686 1068 inuidia,
716 1001 912 1068 cognoscere
941 981 1102 1071 faterique

47 1089 75 1131 rc
87 1077 258 1158 cogentur,
284 1091 398 1158 pecern
424 1072 522 1137 istem
551 1071 653 1138 tetius
681 1068 795 1137 mundi
817 1073 853 1137 et
873 1070 1102 1156 tranquillissi-

86 1180 174 1225 mam
201 1159 411 1226 serenitatem
436 1178 505 1225 non
531 1157 756 1244 magnitudine
783 1155 934 1225 Oeeeeris
960 1157 1018 1224 sed
1044 1179 1102 1244 pc·

87 1250 207 1313 testete
229 1245 289 1313 lilii
311 1245 387 1331 Dei,
413 1246 527 1333 quiin
549 1245 664 1313 diebus
687 1242 838 1312 Cseseris
860 1245 1028 1331 apperuit,
1049 1267 1102 1313 ex·

88 1334 216 1401 stitisse
239 1355 300 1401 nec
328 1335 423 1402 unius
446 1335 537 1402 urbis
559 1333 750 1420 imperatori
772 1333 828 1400 ssd
851 1332 991 1400 creatori
1012 1334 1102 1401 erbis

87 1421 231 1488 uniuersi
250 1423 362 1490 orbem
380 1421 487 1508 ipsum
505 1421 650 1510 generali
663 1443 702 1490 co
749 1421 850 1489 itione
863 1419 1021 1506 peruisse,
1038 1421 1103 1509 qni,

48 1522 75 1568 ιε
88 1511 172 1577 sicut
203 1511 254 1577 ecl
284 1510 392 1576 oriem
422 1508 509 1577 diem
537 1510 609 1576 lnce
639 1531 680 1597 pe
713 1509 820 1593 undit,
850 1507 900 1575 its
927 1508 1102 1575 &ueniens

87 1595 338 1664 misericorditer
364 1599 497 1664 extenta
524 1595 680 1664 mundum
707 1617 787 1681 pecc
812 1594 971 1666 ¹uestierit
1015 1595 1101 1683 quod

86 1684 230 1768 plenius,
257 1705 331 1751 cum
358 1683 400 1750 ud
428 1682 461 1751 id
489 1683 562 1770 ipsc
588 1683 776 1770 perficiente
798 1683 940 1750 Domino
968 1687 1102 1750 uentum

86 1771 194 1858 tuerit,
215 1771 405 1857 proferetur.
1174 1815 1177 1826 ·

153 1859 170 1928 1
196 1861 260 1928 'tur
282 1881 368 1928 enno
387 1861 430 1928 eb
448 1860 528 1927 urbe
545 1858 676 1929 condite
694 1877 861 1929 ccccvmr
879 1859 1019 1928 Romani
1037 1859 1102 1928 bel·
1119 1869 1140 1926 t

47 1949 155 2018 ”lum
227 1948 306 2017 tinis
329 1948 563 2018 rebellantibus
585 1948 767 2018 intulerunt
788 1948 912 2018 Manlio
934 1948 1101 2038 'l'orquetc

13 2071 21 2098 κ.
35 2053 75 2097 ¹⁸⁵
89 2043 122 2106 et
144 2039 245 2106 Decio
267 2036 361 2105 Mure
382 2037 589 2107 consulilbus.
628 2038 663 2107 in
686 2060 751 2127 quo
774 2039 859 2107 bello
882 2061 966 2106 unns
988 2039 1102 2107 consul

87 2127 280 2197 interiectus
302 2133 362 2216 est,
385 2129 469 2198 ulter
490 2129 616 2197 exstitit
636 2128 810 2218 perricide
849 2127 991 2198 llenlius
1013 2127 1136 2198 enirnr

87 2217 270 2308 Torquatus
293 2219 397 2286 fllium
420 2241 525 2305 suurn,
547 2218 708 2307 iuuenem,
729 2220 897 2306 uictorem,
918 2217 1102 2288 interfecte-

87 2329 220 2397 remque
239 2307 356 2376 licerii
374 2307 558 2394 Tusculani,
579 2309 701 2378 nobilis
724 2309 842 2398 equitis
865 2315 900 2377 et
921 2316 992 2377 turn
1009 2330 1101 2396 pree·

47 2412 75 2456 ω
88 2397 182 2485 cipue
217 2398 427 2485 prouocantis
463 2403 563 2486 etque
594 2398 783 2466 insultantis
815 2398 937 2485 bostis,
972 2397 1099 2468 occidit

88 2486 171 2553 elius
204 2508 283 2554 uere
315 2488 430 2555 consul
457 2510 531 2555 curn
558 2488 676 2555 iteretc
704 2487 856 2555 conflictu
883 2487 963 2555 illud
990 2500 1136 2574 cerunt

88 2574 141 2643 cni
162 2577 327 2664 praeeret,
349 2575 441 2644 ceedi
463 2581 562 2664 etque
584 2576 697 2664 adfligi
719 2575 852 2663 uiderer,
873 2576 908 2644 in
932 2576 1101 2645 confertis·

89 2665 189 2734 simos
202 2665 315 2734 bcstee
328 2670 444 2754 sponte
457 2667 630 2755 prolapsus
644 2665 802 2736 occubuit.
832 2663 975 2735 Menlius
1010 2688 1099 2735 nern-
1117 2680 1137 2732 s

88 2753 140 2821 nis
167 2753 272 2823 uictor
297 2777 465 2825 occursum
486 2761 599 2824 temen
620 2755 782 2824 nobilium
803 2755 958 2824 iuuenum
1032 2778 1099 2824 rnn-

47 2856 75 2901 w
88 2863 217 3000 unitum,
240 2844 297 2933 qui
318 2845 464 3004 hilm
487 2844 632 2915 exhiberi
654 2845 749 2934 solet,
769 2845 976 2933 triumphans
998 2845 1101 2934 perri·

88 2953 117 3001 cr
140 2955 247 3002 enon
269 2957 373 3003 mersu

153 3022 250 3091 Anno
272 3028 382 3092 eutem
402 3023 591 3128 posthunc
613 3025 828 3110 subsequente
841 3023 984 3092 Minucia
1004 3023 1100 3113 uirgo
1118 3036 1136 3089 t

87 3107 231 3179 Vestelis
258 3113 301 3180 cb
324 3113 503 3180 edmrssurn
521 3111 684 3180 vincestum
707 3113 864 3180 ‹lemnete
886 3117 938 3180 eet
959 3111 1101 3201 umus

31 3215 33 3220 ’
87 3200 205 3268 obrute
226 3200 262 3267 in
285 3222 410 3289 cumpo,
432 3200 489 3288 qni
510 3221 597 3269 nunc
618 3201 836 3269 sceleratus
858 3205 1001 3271 uocetur.

47 3302 74 3346 ὓ
152 3289 200 3357 As
218 3310 303 3357 uero
329 3311 433 3377 perun
462 3289 547 3358 exin
572 3294 719 3378 tempere
748 3289 916 3358 interiecto
945 3289 1098 3359 bonesen
1115 3297 1154 3358 tt
1292 3364 1295 3376 ι

86 3377 206 3445 referre
257 3377 321 3445 uod
350 3383 481 3466 gestum
509 3381 567 3446 est
611 3400 690 3447 nem
720 3375 856 3446 Oleudic
883 3377 1037 3448 Marcello
1066 3388 1101 3447 et

87 3461 218 3534 valerio
388 3467 576 3537 consulibus
603 3467 789 3538 incredibili
814 3467 905 3537 rubis
931 3473 966 3536 et
989 3489 1101 3539 emere
