<?xml version="1.0" encoding="UTF-8"?>
<!DOCTYPE html PUBLIC "-//W3C//DTD XHTML 1.0 Transitional//EN"
    "http://www.w3.org/TR/xhtml1/DTD/xhtml1-transitional.dtd">
<html xmlns="http://www.w3.org/1999/xhtml" xml:lang="en" lang="en">
 <head>
  <title>
</title>
<meta http-equiv="Content-Type" content="text/html;charset=utf-8" />
  <meta name='ocr-system' content='tesseract 3.04.00' />
  <meta name='ocr-capabilities' content='ocr_page ocr_carea ocr_par ocr_line ocrx_word'/>
</head>
<body>
  <div class='ocr_page' id='page_1' title='image "./pavliorosiihist01orosgoog_0085.png"; bbox 0 0 2746 3872; ppageno 0'>
   <div class='ocr_carea' id='block_1_1' title="bbox 357 121 1157 190">
    <p class='ocr_par' dir='ltr' id='par_1_1' title="bbox 357 121 1157 190">
     <span class='ocr_line' id='line_1_1' title="bbox 357 121 1157 190; baseline 0.004 -11"><span class='ocrx_word' id='word_1_1' title='bbox 357 124 555 180; x_wconf 68' lang='lat' dir='ltr'><strong>ADVERSVM</strong></span> <span class='ocrx_word' id='word_1_2' title='bbox 571 124 738 180; x_wconf 72' lang='lat' dir='ltr'>PAGANOS</span> <span class='ocrx_word' id='word_1_3' title='bbox 755 126 783 178; x_wconf 90' lang='lat'><strong>11</strong></span> <span class='ocrx_word' id='word_1_4' title='bbox 802 126 827 180; x_wconf 72' lang='lat'><strong>0.</strong></span> <span class='ocrx_word' id='word_1_5' title='bbox 848 128 890 180; x_wconf 84' lang='lat'><strong>10.</strong></span> <span class='ocrx_word' id='word_1_6' title='bbox 1113 121 1157 190; x_wconf 77' lang='grc'><strong>47</strong></span> 
     </span>
    </p>
   </div>
   <div class='ocr_carea' id='block_1_2' title="bbox 55 267 1276 1336">
    <p class='ocr_par' dir='ltr' id='par_1_2' title="bbox 55 267 1276 1336">
     <span class='ocr_line' id='line_1_2' title="bbox 143 267 1158 356; baseline -0.001 -18"><span class='ocrx_word' id='word_1_7' title='bbox 143 271 178 338; x_wconf 88' lang='lat' dir='ltr'><strong>iu</strong></span> <span class='ocrx_word' id='word_1_8' title='bbox 196 291 232 337; x_wconf 86' lang='lat' dir='ltr'><strong>se</strong></span> <span class='ocrx_word' id='word_1_9' title='bbox 245 268 419 337; x_wconf 76' lang='lat' dir='ltr'>Persarum</span> <span class='ocrx_word' id='word_1_10' title='bbox 433 269 591 356; x_wconf 85' lang='lat' dir='ltr'><strong>impetum</strong></span> <span class='ocrx_word' id='word_1_11' title='bbox 605 271 750 336; x_wconf 89' lang='lat' dir='ltr'><strong>uerterat</strong></span> <span class='ocrx_word' id='word_1_12' title='bbox 763 305 805 318; x_wconf 95' lang='lat'>-</span> <span class='ocrx_word' id='word_1_13' title='bbox 820 269 856 336; x_wconf 95' lang='lat' dir='ltr'><strong>in</strong></span> <span class='ocrx_word' id='word_1_14' title='bbox 870 267 1028 336; x_wconf 85' lang='lat' dir='ltr'><strong>auxilium</strong></span> <span class='ocrx_word' id='word_1_15' title='bbox 1041 267 1158 337; x_wconf 82' lang='lat' dir='ltr'><strong>Xerxis</strong></span> 
     </span>
     <span class='ocr_line' id='line_1_3' title="bbox 143 355 1159 446; baseline -0.002 -18"><span class='ocrx_word' id='word_1_16' title='bbox 143 359 338 428; x_wconf 81' lang='lat' dir='ltr'><strong>instructam</strong></span> <span class='ocrx_word' id='word_1_17' title='bbox 360 357 499 427; x_wconf 89' lang='lat' dir='ltr'><strong>classem</strong></span> <span class='ocrx_word' id='word_1_18' title='bbox 519 355 685 446; x_wconf 87' lang='lat' dir='ltr'><strong>deducere,</strong></span> <span class='ocrx_word' id='word_1_19' title='bbox 708 357 885 426; x_wconf 83' lang='lat' dir='ltr'><strong>sollicitere</strong></span> <span class='ocrx_word' id='word_1_20' title='bbox 903 379 959 426; x_wconf 90' lang='lat' dir='ltr'><strong>eos</strong></span> <span class='ocrx_word' id='word_1_21' title='bbox 977 359 1063 446; x_wconf 88' lang='lat' dir='ltr'><strong>parti</strong></span> <span class='ocrx_word' id='word_1_22' title='bbox 1081 379 1159 427; x_wconf 85' lang='lat' dir='ltr'><strong>suae</strong></span> 
     </span>
     <span class='ocr_line' id='line_1_4' title="bbox 143 447 1194 537; baseline -0.001 -20"><span class='ocrx_word' id='word_1_23' title='bbox 143 448 293 537; x_wconf 90' lang='lat' dir='ltr'><strong>hostique</strong></span> <span class='ocrx_word' id='word_1_24' title='bbox 321 448 513 517; x_wconf 88' lang='lat' dir='ltr'><strong>subtrahere</strong></span> <span class='ocrx_word' id='word_1_25' title='bbox 541 447 665 516; x_wconf 88' lang='lat' dir='ltr'><strong>statuit</strong></span> <span class='ocrx_word' id='word_1_26' title='bbox 711 453 745 516; x_wconf 90' lang='lat' dir='ltr'><strong>et</strong></span> <span class='ocrx_word' id='word_1_27' title='bbox 771 447 847 536; x_wconf 85' lang='lat' dir='ltr'><strong>quia</strong></span> <span class='ocrx_word' id='word_1_28' title='bbox 874 447 1089 536; x_wconf 76' lang='lat' dir='ltr'><strong>conloquendi</strong></span> <span class='ocrx_word' id='word_1_29' title='bbox 1110 449 1194 517; x_wconf 75' lang='lat' dir='ltr'><strong>fas-s</strong></span> 
     </span>
     <span class='ocr_line' id='line_1_5' title="bbox 144 536 1158 626; baseline 0 -20"><span class='ocrx_word' id='word_1_30' title='bbox 144 537 248 606; x_wconf 88' lang='lat' dir='ltr'><strong>cultas</strong></span> <span class='ocrx_word' id='word_1_31' title='bbox 269 536 460 626; x_wconf 78' lang='lat' dir='ltr'><strong>negebatur,</strong></span> <span class='ocrx_word' id='word_1_32' title='bbox 482 537 565 607; x_wconf 89' lang='lat' dir='ltr'><strong>locis</strong></span> <span class='ocrx_word' id='word_1_33' title='bbox 588 538 707 626; x_wconf 85' lang='lat' dir='ltr'><strong>quibus</strong></span> <span class='ocrx_word' id='word_1_34' title='bbox 724 537 821 607; x_wconf 89' lang='lat' dir='ltr'><strong>Iones</strong></span> <span class='ocrx_word' id='word_1_35' title='bbox 840 539 1001 606; x_wconf 87' lang='lat' dir='ltr'><strong>accessuri</strong></span> <span class='ocrx_word' id='word_1_36' title='bbox 1018 537 1158 607; x_wconf 85' lang='lat' dir='ltr'><strong>nsuibus</strong></span> 
     </span>
     <span class='ocr_line' id='line_1_6' title="bbox 117 626 1160 716; baseline 0.001 -21"><span class='ocrx_word' id='word_1_37' title='bbox 117 628 337 695; x_wconf 78' lang='lat' dir='ltr'><strong>suidebautur</strong></span> <span class='ocrx_word' id='word_1_38' title='bbox 371 627 510 715; x_wconf 90' lang='lat' dir='ltr'><strong>proponi</strong></span> <span class='ocrx_word' id='word_1_39' title='bbox 547 626 715 713; x_wconf 84' lang='lat' dir='ltr'><strong>symbolos</strong></span> <span class='ocrx_word' id='word_1_40' title='bbox 746 627 898 714; x_wconf 85' lang='lat' dir='ltr'><strong>saxisque</strong></span> <span class='ocrx_word' id='word_1_41' title='bbox 929 627 1028 716; x_wconf 75' lang='lat' dir='ltr'><strong>adfigi</strong></span> <span class='ocrx_word' id='word_1_42' title='bbox 1059 628 1160 714; x_wconf 81' lang='lat' dir='ltr'><strong>iubet,</strong></span> 
     </span>
     <span class='ocr_line' id='line_1_7' title="bbox 144 715 1159 806; baseline -0.001 -20"><span class='ocrx_word' id='word_1_43' title='bbox 144 717 250 786; x_wconf 90' lang='lat' dir='ltr'><strong>socios</strong></span> <span class='ocrx_word' id='word_1_44' title='bbox 270 715 433 803; x_wconf 85' lang='lat' dir='ltr'><strong>quondam</strong></span> <span class='ocrx_word' id='word_1_45' title='bbox 452 721 486 784; x_wconf 89' lang='lat' dir='ltr'><strong>et</strong></span> <span class='ocrx_word' id='word_1_46' title='bbox 502 717 678 805; x_wconf 89' lang='lat' dir='ltr'><strong>participes</strong></span> <span class='ocrx_word' id='word_1_47' title='bbox 695 716 924 806; x_wconf 69' lang='lat' dir='ltr'><strong>periculorum,</strong></span> <span class='ocrx_word' id='word_1_48' title='bbox 945 737 1031 800; x_wconf 86' lang='lat' dir='ltr'><strong>nunc</strong></span> <span class='ocrx_word' id='word_1_49' title='bbox 1049 720 1159 785; x_wconf 85' lang='lat' dir='ltr'><strong>autem</strong></span> 
     </span>
     <span class='ocr_line' id='line_1_8' title="bbox 143 806 1158 895; baseline 0 -21"><span class='ocrx_word' id='word_1_50' title='bbox 143 807 261 874; x_wconf 88' lang='lat' dir='ltr'><strong>iniuste</strong></span> <span class='ocrx_word' id='word_1_51' title='bbox 289 806 415 874; x_wconf 87' lang='lat' dir='ltr'><strong>desides</strong></span> <span class='ocrx_word' id='word_1_52' title='bbox 443 812 520 894; x_wconf 87' lang='lat' dir='ltr'><strong>apta</strong></span> <span class='ocrx_word' id='word_1_53' title='bbox 545 807 767 892; x_wconf 85' lang='lat' dir='ltr'><strong>increpatione</strong></span> <span class='ocrx_word' id='word_1_54' title='bbox 794 808 972 894; x_wconf 89' lang='lat' dir='ltr'><strong>corripiens</strong></span> <span class='ocrx_word' id='word_1_55' title='bbox 995 812 1094 895; x_wconf 91' lang='lat' dir='ltr'><strong>atque</strong></span> <span class='ocrx_word' id='word_1_56' title='bbox 1117 808 1158 875; x_wconf 82' lang='lat' dir='ltr'><strong>ad</strong></span> 
     </span>
     <span class='ocr_line' id='line_1_9' title="bbox 55 895 1156 982; baseline -0.002 -17"><span class='ocrx_word' id='word_1_57' title='bbox 55 924 77 965; x_wconf 69' lang='lat' dir='ltr'><strong>a</strong></span> <span class='ocrx_word' id='word_1_58' title='bbox 91 913 130 956; x_wconf 83' lang='lat' dir='ltr'><strong>ua</strong></span> <span class='ocrx_word' id='word_1_59' title='bbox 144 895 360 980; x_wconf 76' lang='lat' dir='ltr'><strong>antiquorum</strong></span> <span class='ocrx_word' id='word_1_60' title='bbox 382 896 456 961; x_wconf 86' lang='lat' dir='ltr'><strong>iura</strong></span> <span class='ocrx_word' id='word_1_61' title='bbox 477 895 642 962; x_wconf 79' lang='lat' dir='ltr'><strong>foederum</strong></span> <span class='ocrx_word' id='word_1_62' title='bbox 665 896 820 982; x_wconf 81' lang='lat' dir='ltr'><strong>religiosa</strong></span> <span class='ocrx_word' id='word_1_63' title='bbox 838 895 1067 963; x_wconf 88' lang='lat' dir='ltr'><strong>adhortatione</strong></span> <span class='ocrx_word' id='word_1_64' title='bbox 1085 916 1156 982; x_wconf 88' lang='lat' dir='ltr'><strong>per·</strong></span> 
     </span>
     <span class='ocr_line' id='line_1_10' title="bbox 144 981 1157 1070; baseline -0.001 -20"><span class='ocrx_word' id='word_1_65' title='bbox 144 981 282 1050; x_wconf 88' lang='lat' dir='ltr'><strong>suadens</strong></span> <span class='ocrx_word' id='word_1_66' title='bbox 304 984 541 1070; x_wconf 83' lang='lat' dir='ltr'><strong>praecipueque</strong></span> <span class='ocrx_word' id='word_1_67' title='bbox 560 981 749 1068; x_wconf 84' lang='lat' dir='ltr'><strong>edmonens,</strong></span> <span class='ocrx_word' id='word_1_68' title='bbox 771 983 821 1050; x_wconf 93' lang='lat' dir='ltr'><strong>uti</strong></span> <span class='ocrx_word' id='word_1_69' title='bbox 840 982 1015 1050; x_wconf 89' lang='lat' dir='ltr'><strong>commisso</strong></span> <span class='ocrx_word' id='word_1_70' title='bbox 1033 982 1157 1068; x_wconf 90' lang='lat' dir='ltr'><strong>proelio</strong></span> 
     </span>
     <span class='ocr_line' id='line_1_11' title="bbox 105 1069 1158 1158; baseline 0.006 -26"><span class='ocrx_word' id='word_1_71' title='bbox 105 1090 131 1132; x_wconf 86' lang='lat' dir='ltr'><strong>ro</strong></span> <span class='ocrx_word' id='word_1_72' title='bbox 144 1069 326 1139; x_wconf 75' lang='lat' dir='ltr'><strong>cedentium</strong></span> <span class='ocrx_word' id='word_1_73' title='bbox 345 1070 415 1140; x_wconf 88' lang='lat' dir='ltr'><strong>uice</strong></span> <span class='ocrx_word' id='word_1_74' title='bbox 432 1071 604 1139; x_wconf 86' lang='lat' dir='ltr'><strong>inhibeant</strong></span> <span class='ocrx_word' id='word_1_75' title='bbox 619 1092 729 1139; x_wconf 87' lang='lat' dir='ltr'><strong>remos</strong></span> <span class='ocrx_word' id='word_1_76' title='bbox 747 1091 882 1158; x_wconf 88' lang='lat' dir='ltr'><strong>seseque</strong></span> <span class='ocrx_word' id='word_1_77' title='bbox 898 1071 986 1140; x_wconf 86' lang='lat' dir='ltr'><strong>bello</strong></span> <span class='ocrx_word' id='word_1_78' title='bbox 1000 1071 1158 1140; x_wconf 81' lang='lat' dir='ltr'><strong>auferent.</strong></span> 
     </span>
     <span class='ocr_line' id='line_1_12' title="bbox 75 1159 1193 1248; baseline 0.002 -21"><span class='ocrx_word' id='word_1_79' title='bbox 75 1223 84 1234; x_wconf 85' lang='grc'><strong>,</strong></span> <span class='ocrx_word' id='word_1_80' title='bbox 142 1161 245 1248; x_wconf 76' lang='lat' dir='ltr'><strong>igitur</strong></span> <span class='ocrx_word' id='word_1_81' title='bbox 276 1181 347 1247; x_wconf 87' lang='lat' dir='ltr'><strong>rex,</strong></span> <span class='ocrx_word' id='word_1_82' title='bbox 377 1163 504 1247; x_wconf 86' lang='lat' dir='ltr'><strong>partem</strong></span> <span class='ocrx_word' id='word_1_83' title='bbox 536 1161 672 1228; x_wconf 88' lang='lat' dir='ltr'><strong>nauium</strong></span> <span class='ocrx_word' id='word_1_84' title='bbox 703 1160 769 1228; x_wconf 87' lang='lat' dir='ltr'><strong>sibi</strong></span> <span class='ocrx_word' id='word_1_85' title='bbox 798 1159 961 1248; x_wconf 84' lang='lat' dir='ltr'><strong>detinens,</strong></span> <span class='ocrx_word' id='word_1_86' title='bbox 993 1164 1193 1248; x_wconf 80' lang='lat' dir='ltr'><strong>spectator⁸</strong></span> 
     </span>
     <span class='ocr_line' id='line_1_13' title="bbox 143 1248 1276 1336; baseline 0.004 -22"><span class='ocrx_word' id='word_1_87' title='bbox 143 1270 273 1336; x_wconf 79' lang='lat' dir='ltr'><strong>pugnae</strong></span> <span class='ocrx_word' id='word_1_88' title='bbox 303 1249 338 1316; x_wconf 88' lang='lat' dir='ltr'><strong>in</strong></span> <span class='ocrx_word' id='word_1_89' title='bbox 368 1248 464 1316; x_wconf 88' lang='lat' dir='ltr'><strong>litore</strong></span> <span class='ocrx_word' id='word_1_90' title='bbox 493 1253 612 1316; x_wconf 84' lang='lat' dir='ltr'><strong>manet</strong></span> <span class='ocrx_word' id='word_1_91' title='bbox 658 1253 774 1317; x_wconf 87' lang='lat' dir='ltr'><strong>contra</strong></span> <span class='ocrx_word' id='word_1_92' title='bbox 801 1252 911 1316; x_wconf 85' lang='lat' dir='ltr'><strong>autern</strong></span> <span class='ocrx_word' id='word_1_93' title='bbox 939 1248 1159 1335; x_wconf 82' lang='lat' dir='ltr'><strong>Artemidoro,</strong></span> <span class='ocrx_word' id='word_1_94' title='bbox 1273 1297 1276 1304; x_wconf 84' lang='lat'><em>-</em></span> 
     </span>
    </p>
   </div>
   <div class='ocr_carea' id='block_1_3' title="bbox 142 1333 1303 1425">
    <p class='ocr_par' dir='ltr' id='par_1_3' title="bbox 142 1333 1303 1425">
     <span class='ocr_line' id='line_1_14' title="bbox 142 1333 1303 1425; baseline -0.001 -22"><span class='ocrx_word' id='word_1_95' title='bbox 142 1338 256 1423; x_wconf 79' lang='lat' dir='ltr'><strong>regina</strong></span> <span class='ocrx_word' id='word_1_96' title='bbox 278 1333 508 1423; x_wconf 83' lang='lat' dir='ltr'><strong>Hulycarnssi,</strong></span> <span class='ocrx_word' id='word_1_97' title='bbox 536 1359 620 1425; x_wconf 89' lang='lat' dir='ltr'><strong>quae</strong></span> <span class='ocrx_word' id='word_1_98' title='bbox 649 1336 683 1403; x_wconf 92' lang='lat' dir='ltr'><strong>in</strong></span> <span class='ocrx_word' id='word_1_99' title='bbox 712 1335 869 1404; x_wconf 86' lang='lat' dir='ltr'><strong>auxilium</strong></span> <span class='ocrx_word' id='word_1_100' title='bbox 891 1337 991 1404; x_wconf 84' lang='lat' dir='ltr'><strong>Xerxi</strong></span> <span class='ocrx_word' id='word_1_101' title='bbox 1013 1341 1158 1424; x_wconf 89' lang='lat' dir='ltr'><strong>uenerat,</strong></span> <span class='ocrx_word' id='word_1_102' title='bbox 1299 1392 1303 1402; x_wconf 95' lang='lat'><em>.</em></span> 
     </span>
    </p>
   </div>
   <div class='ocr_carea' id='block_1_4' title="bbox 46 1424 1193 3111">
    <p class='ocr_par' dir='ltr' id='par_1_4' title="bbox 46 1424 1193 3111">
     <span class='ocr_line' id='line_1_15' title="bbox 143 1424 1159 1510; baseline 0.003 -20"><span class='ocrx_word' id='word_1_103' title='bbox 143 1424 229 1491; x_wconf 88' lang='lat' dir='ltr'><strong>inter</strong></span> <span class='ocrx_word' id='word_1_104' title='bbox 253 1426 378 1508; x_wconf 88' lang='lat' dir='ltr'><strong>primos</strong></span> <span class='ocrx_word' id='word_1_105' title='bbox 406 1425 502 1493; x_wconf 88' lang='lat' dir='ltr'><strong>duces</strong></span> <span class='ocrx_word' id='word_1_106' title='bbox 530 1425 685 1493; x_wconf 87' lang='lat' dir='ltr'><strong>acerrime</strong></span> <span class='ocrx_word' id='word_1_107' title='bbox 712 1424 801 1494; x_wconf 90' lang='lat' dir='ltr'><strong>bello</strong></span> <span class='ocrx_word' id='word_1_108' title='bbox 823 1425 1024 1510; x_wconf 90' lang='lat' dir='ltr'><strong>inmiscctur,</strong></span> <span class='ocrx_word' id='word_1_109' title='bbox 1050 1425 1099 1493; x_wconf 86' lang='lat' dir='ltr'><strong>itu</strong></span> <span class='ocrx_word' id='word_1_110' title='bbox 1120 1429 1159 1493; x_wconf 92' lang='lat' dir='ltr'><strong>ut</strong></span> 
     </span>
     <span class='ocr_line' id='line_1_16' title="bbox 103 1512 1157 1601; baseline 0.007 -25"><span class='ocrx_word' id='word_1_111' title='bbox 103 1530 130 1574; x_wconf 82' lang='lat' dir='ltr'><strong>ss</strong></span> <span class='ocrx_word' id='word_1_112' title='bbox 143 1535 238 1581; x_wconf 81' lang='lat' dir='ltr'><strong>uersa</strong></span> <span class='ocrx_word' id='word_1_113' title='bbox 265 1513 335 1582; x_wconf 85' lang='lat' dir='ltr'><strong>uice</strong></span> <span class='ocrx_word' id='word_1_114' title='bbox 356 1515 397 1581; x_wconf 87' lang='lat' dir='ltr'><strong>&#39;in</strong></span> <span class='ocrx_word' id='word_1_115' title='bbox 421 1515 493 1582; x_wconf 90' lang='lat' dir='ltr'><strong>uiro</strong></span> <span class='ocrx_word' id='word_1_116' title='bbox 517 1514 659 1583; x_wconf 80' lang='lat' dir='ltr'><strong>feminea</strong></span> <span class='ocrx_word' id='word_1_117' title='bbox 681 1513 822 1601; x_wconf 81' lang='lat' dir='ltr'><strong>cautela,</strong></span> <span class='ocrx_word' id='word_1_118' title='bbox 847 1513 884 1581; x_wconf 88' lang='lat' dir='ltr'><strong>in</strong></span> <span class='ocrx_word' id='word_1_119' title='bbox 906 1512 1030 1582; x_wconf 79' lang='lat' dir='ltr'><strong>femina</strong></span> <span class='ocrx_word' id='word_1_120' title='bbox 1051 1514 1157 1583; x_wconf 87' lang='lat' dir='ltr'><strong>uirilis</strong></span> 
     </span>
     <span class='ocr_line' id='line_1_17' title="bbox 143 1602 1193 1691; baseline 0.004 -23"><span class='ocrx_word' id='word_1_121' title='bbox 143 1602 279 1670; x_wconf 90' lang='lat' dir='ltr'><strong>audacia</strong></span> <span class='ocrx_word' id='word_1_122' title='bbox 303 1607 512 1690; x_wconf 86' lang='lat' dir='ltr'><strong>spectaretur.</strong></span> <span class='ocrx_word' id='word_1_123' title='bbox 556 1624 630 1671; x_wconf 90' lang='lat' dir='ltr'><strong>cum</strong></span> <span class='ocrx_word' id='word_1_124' title='bbox 654 1608 762 1671; x_wconf 89' lang='lat' dir='ltr'><strong>autem</strong></span> <span class='ocrx_word' id='word_1_125' title='bbox 785 1625 905 1690; x_wconf 84' lang='lat' dir='ltr'><strong>anceps</strong></span> <span class='ocrx_word' id='word_1_126' title='bbox 927 1624 1040 1691; x_wconf 77' lang='lat' dir='ltr'><strong>pugna</strong></span> <span class='ocrx_word' id='word_1_127' title='bbox 1061 1609 1193 1690; x_wconf 70' lang='lat' dir='ltr'><strong>essett</strong></span> 
     </span>
     <span class='ocr_line' id='line_1_18' title="bbox 142 1691 1159 1781; baseline 0.003 -23"><span class='ocrx_word' id='word_1_128' title='bbox 142 1691 238 1760; x_wconf 87' lang='lat' dir='ltr'><strong>Iones</strong></span> <span class='ocrx_word' id='word_1_129' title='bbox 260 1692 352 1760; x_wconf 85' lang='lat' dir='ltr'><strong>iuxta</strong></span> <span class='ocrx_word' id='word_1_130' title='bbox 373 1697 582 1780; x_wconf 85' lang='lat' dir='ltr'><strong>pracceptum</strong></span> <span class='ocrx_word' id='word_1_131' title='bbox 605 1691 831 1762; x_wconf 83' lang='lat' dir='ltr'><strong>Themistoclis</strong></span> <span class='ocrx_word' id='word_1_132' title='bbox 854 1692 1013 1781; x_wconf 89' lang='lat' dir='ltr'><strong>paulatim</strong></span> <span class='ocrx_word' id='word_1_133' title='bbox 1036 1713 1070 1761; x_wconf 90' lang='lat' dir='ltr'><strong>se</strong></span> <span class='ocrx_word' id='word_1_134' title='bbox 1094 1714 1159 1761; x_wconf 84' lang='lat' dir='ltr'><strong>car·</strong></span> 
     </span>
     <span class='ocr_line' id='line_1_19' title="bbox 141 1780 1157 1871; baseline 0.003 -23"><span class='ocrx_word' id='word_1_135' title='bbox 141 1781 259 1849; x_wconf 85' lang='lat' dir='ltr'><strong>tamini</strong></span> <span class='ocrx_word' id='word_1_136' title='bbox 287 1782 479 1860; x_wconf 76' lang='lat' dir='ltr'><strong>subtrahere</strong></span> <span class='ocrx_word' id='word_1_137' title='bbox 502 1787 692 1871; x_wconf 77' lang='lat' dir='ltr'><strong>coeperunt:</strong></span> <span class='ocrx_word' id='word_1_138' title='bbox 719 1805 857 1870; x_wconf 90' lang='lat' dir='ltr'><strong>quorum</strong></span> <span class='ocrx_word' id='word_1_139' title='bbox 881 1781 1018 1852; x_wconf 79' lang='lat' dir='ltr'><strong>deiectio</strong></span> <span class='ocrx_word' id='word_1_140' title='bbox 1040 1780 1157 1851; x_wconf 84' lang='lat' dir='ltr'><strong>Persas</strong></span> 
     </span>
     <span class='ocr_line' id='line_1_20' title="bbox 141 1870 1157 1961; baseline 0.004 -23"><span class='ocrx_word' id='word_1_141' title='bbox 141 1870 207 1938; x_wconf 91' lang='lat' dir='ltr'><strong>iam</strong></span> <span class='ocrx_word' id='word_1_142' title='bbox 236 1871 351 1960; x_wconf 80' lang='lat' dir='ltr'><strong>fugam</strong></span> <span class='ocrx_word' id='word_1_143' title='bbox 380 1873 678 1961; x_wconf 68' lang='lat' dir='ltr'><strong>circumspicientes</strong></span> <span class='ocrx_word' id='word_1_144' title='bbox 708 1876 819 1959; x_wconf 85' lang='lat' dir='ltr'><strong>aperta</strong></span> <span class='ocrx_word' id='word_1_145' title='bbox 845 1873 960 1961; x_wconf 79' lang='lat' dir='ltr'><strong>iugera</strong></span> <span class='ocrx_word' id='word_1_146' title='bbox 986 1872 1157 1961; x_wconf 72' lang='lat' dir='ltr'><strong>penuasit.</strong></span> 
     </span>
     <span class='ocr_line' id='line_1_21' title="bbox 102 1960 1193 2052; baseline 0.003 -24"><span class='ocrx_word' id='word_1_147' title='bbox 102 1960 176 2028; x_wconf 76' lang='lat' dir='ltr'><strong>sein</strong></span> <span class='ocrx_word' id='word_1_148' title='bbox 206 1983 271 2048; x_wconf 86' lang='lat' dir='ltr'><strong>qua</strong></span> <span class='ocrx_word' id='word_1_149' title='bbox 300 1963 517 2050; x_wconf 77' lang='lat' dir='ltr'><strong>trepidatione</strong></span> <span class='ocrx_word' id='word_1_150' title='bbox 546 1964 668 2032; x_wconf 83' lang='lat' dir='ltr'><strong>multae</strong></span> <span class='ocrx_word' id='word_1_151' title='bbox 696 1985 797 2031; x_wconf 87' lang='lat' dir='ltr'><strong>naues</strong></span> <span class='ocrx_word' id='word_1_152' title='bbox 826 1984 952 2031; x_wconf 86' lang='lat' dir='ltr'><strong>mersae</strong></span> <span class='ocrx_word' id='word_1_153' title='bbox 979 1967 1193 2052; x_wconf 76' lang='lat' dir='ltr'><strong>sapueqmo</strong></span> 
     </span>
     <span class='ocr_line' id='line_1_22' title="bbox 142 2049 1158 2139; baseline 0.004 -23"><span class='ocrx_word' id='word_1_154' title='bbox 142 2054 227 2135; x_wconf 79' lang='lat' dir='ltr'><strong>suut,</strong></span> <span class='ocrx_word' id='word_1_155' title='bbox 250 2049 359 2136; x_wconf 87' lang='lat' dir='ltr'><strong>plures</strong></span> <span class='ocrx_word' id='word_1_156' title='bbox 382 2055 491 2121; x_wconf 84' lang='lat' dir='ltr'><strong>tamen</strong></span> <span class='ocrx_word' id='word_1_157' title='bbox 514 2052 686 2119; x_wconf 87' lang='lat' dir='ltr'><strong>saeuitiam</strong></span> <span class='ocrx_word' id='word_1_158' title='bbox 706 2053 792 2139; x_wconf 81' lang='lat' dir='ltr'><strong>regis</strong></span> <span class='ocrx_word' id='word_1_159' title='bbox 811 2050 903 2119; x_wconf 90' lang='lat' dir='ltr'><strong>uelut</strong></span> <span class='ocrx_word' id='word_1_160' title='bbox 919 2052 1158 2120; x_wconf 73' lang='lat' dir='ltr'><strong>immanitatem</strong></span> 
     </span>
     <span class='ocr_line' id='line_1_23' title="bbox 140 2137 1193 2209; baseline 0.005 -5"><span class='ocrx_word' id='word_1_161' title='bbox 140 2137 246 2205; x_wconf 87' lang='lat' dir='ltr'><strong>hostis</strong></span> <span class='ocrx_word' id='word_1_162' title='bbox 275 2139 428 2207; x_wconf 88' lang='lat' dir='ltr'><strong>timentes</strong></span> <span class='ocrx_word' id='word_1_163' title='bbox 451 2140 566 2209; x_wconf 89' lang='lat' dir='ltr'><strong>domos</strong></span> <span class='ocrx_word' id='word_1_164' title='bbox 589 2140 787 2208; x_wconf 87' lang='lat' dir='ltr'><strong>dilabuntur.</strong></span> <span class='ocrx_word' id='word_1_165' title='bbox 831 2141 965 2208; x_wconf 83' lang='lat' dir='ltr'><strong>anxium</strong></span> <span class='ocrx_word' id='word_1_166' title='bbox 986 2145 1039 2208; x_wconf 91' lang='lat' dir='ltr'><strong>tot</strong></span> <span class='ocrx_word' id='word_1_167' title='bbox 1060 2141 1193 2209; x_wconf 70' lang='lat' dir='ltr'><strong>mulino</strong></span> 
     </span>
     <span class='ocr_line' id='line_1_24' title="bbox 140 2225 1157 2381; baseline 0.006 -89"><span class='ocrx_word' id='word_1_168' title='bbox 140 2247 251 2381; x_wconf 41' lang='lat' dir='ltr'><strong>mosne</strong></span> <span class='ocrx_word' id='word_1_169' title='bbox 265 2225 453 2296; x_wconf 75' lang='lat' dir='ltr'><strong>Mardonius</strong></span> <span class='ocrx_word' id='word_1_170' title='bbox 471 2227 663 2317; x_wconf 80' lang='lat' dir='ltr'><strong>adgreditur</strong></span> <span class='ocrx_word' id='word_1_171' title='bbox 679 2228 829 2316; x_wconf 80' lang='lat' dir='ltr'><strong>suadens,</strong></span> <span class='ocrx_word' id='word_1_172' title='bbox 846 2249 957 2317; x_wconf 77' lang='lat' dir='ltr'><strong>regern</strong></span> <span class='ocrx_word' id='word_1_173' title='bbox 969 2229 1005 2297; x_wconf 93' lang='lat' dir='ltr'><strong>in</strong></span> <span class='ocrx_word' id='word_1_174' title='bbox 1018 2250 1157 2318; x_wconf 75' lang='lat' dir='ltr'><strong>regnum</strong></span> 
     </span>
     <span class='ocr_line' id='line_1_25' title="bbox 200 2315 1157 2406; baseline 0.005 -26"><span class='ocrx_word' id='word_1_175' title='bbox 200 2315 245 2381; x_wconf 85' lang='lat' dir='ltr'><strong>‘re</strong></span> <span class='ocrx_word' id='word_1_176' title='bbox 272 2319 422 2401; x_wconf 88' lang='lat' dir='ltr'><strong>oportere</strong></span> <span class='ocrx_word' id='word_1_177' title='bbox 448 2318 540 2401; x_wconf 90' lang='lat' dir='ltr'><strong>prius</strong></span> <span class='ocrx_word' id='word_1_178' title='bbox 567 2339 666 2406; x_wconf 86' lang='lat' dir='ltr'><strong>quarn</strong></span> <span class='ocrx_word' id='word_1_179' title='bbox 693 2317 831 2385; x_wconf 84' lang='lat' dir='ltr'><strong>aduersa</strong></span> <span class='ocrx_word' id='word_1_180' title='bbox 856 2317 947 2385; x_wconf 83' lang='lat' dir='ltr'><strong>fama</strong></span> <span class='ocrx_word' id='word_1_181' title='bbox 973 2339 1077 2386; x_wconf 86' lang='lat' dir='ltr'><strong>nouas</strong></span> <span class='ocrx_word' id='word_1_182' title='bbox 1104 2339 1157 2385; x_wconf 88' lang='lat' dir='ltr'><strong>res</strong></span> 
     </span>
     <span class='ocr_line' id='line_1_26' title="bbox 101 2401 1191 2492; baseline 0.005 -24"><span class='ocrx_word' id='word_1_183' title='bbox 101 2417 128 2462; x_wconf 61' lang='grc' dir='ltr'><strong>ἥ</strong></span> <span class='ocrx_word' id='word_1_184' title='bbox 141 2401 230 2469; x_wconf 88' lang='lat' dir='ltr'><strong>domi</strong></span> <span class='ocrx_word' id='word_1_185' title='bbox 251 2401 434 2489; x_wconf 82' lang='lat' dir='ltr'><strong>moliretur3</strong></span> <span class='ocrx_word' id='word_1_186' title='bbox 456 2426 493 2472; x_wconf 89' lang='lat' dir='ltr'><strong>se</strong></span> <span class='ocrx_word' id='word_1_187' title='bbox 515 2410 634 2491; x_wconf 62' lang='lat' dir='ltr'><strong>subm,</strong></span> <span class='ocrx_word' id='word_1_188' title='bbox 656 2405 685 2472; x_wconf 91' lang='lat' dir='ltr'><strong>si</strong></span> <span class='ocrx_word' id='word_1_189' title='bbox 707 2404 856 2472; x_wconf 87' lang='lat' dir='ltr'><strong>residuae</strong></span> <span class='ocrx_word' id='word_1_190' title='bbox 877 2405 941 2472; x_wconf 89' lang='lat' dir='ltr'><strong>sibi</strong></span> <span class='ocrx_word' id='word_1_191' title='bbox 960 2406 1072 2492; x_wconf 83' lang='lat' dir='ltr'><strong>copias</strong></span> <span class='ocrx_word' id='word_1_192' title='bbox 1089 2409 1191 2473; x_wconf 75' lang='lat' dir='ltr'><strong>trs-&#39;l</strong></span> 
     </span>
     <span class='ocr_line' id='line_1_27' title="bbox 140 2489 1156 2580; baseline 0.005 -25"><span class='ocrx_word' id='word_1_193' title='bbox 140 2489 310 2576; x_wconf 83' lang='lat' dir='ltr'><strong>darentur,</strong></span> <span class='ocrx_word' id='word_1_194' title='bbox 330 2495 364 2558; x_wconf 90' lang='lat' dir='ltr'><strong>et</strong></span> <span class='ocrx_word' id='word_1_195' title='bbox 386 2493 547 2561; x_wconf 88' lang='lat' dir='ltr'><strong>ultionem</strong></span> <span class='ocrx_word' id='word_1_196' title='bbox 569 2493 612 2560; x_wconf 90' lang='lat' dir='ltr'><strong>ab</strong></span> <span class='ocrx_word' id='word_1_197' title='bbox 634 2493 729 2560; x_wconf 85' lang='lat' dir='ltr'><strong>hoste</strong></span> <span class='ocrx_word' id='word_1_198' title='bbox 751 2497 939 2560; x_wconf 86' lang='lat' dir='ltr'><strong>exacturum</strong></span> <span class='ocrx_word' id='word_1_199' title='bbox 961 2497 996 2560; x_wconf 90' lang='lat' dir='ltr'><strong>ct</strong></span> <span class='ocrx_word' id='word_1_200' title='bbox 1016 2493 1156 2580; x_wconf 78' lang='lat' dir='ltr'><strong>ignomi-</strong></span> 
     </span>
     <span class='ocr_line' id='line_1_28' title="bbox 139 2578 1156 2669; baseline 0.006 -25"><span class='ocrx_word' id='word_1_201' title='bbox 139 2578 228 2647; x_wconf 87' lang='lat' dir='ltr'><strong>niam</strong></span> <span class='ocrx_word' id='word_1_202' title='bbox 251 2579 464 2648; x_wconf 89' lang='lat' dir='ltr'><strong>domesticam</strong></span> <span class='ocrx_word' id='word_1_203' title='bbox 485 2583 761 2669; x_wconf 77' lang='lat' dir='ltr'><strong>propulsaturum,</strong></span> <span class='ocrx_word' id='word_1_204' title='bbox 783 2585 848 2664; x_wconf 82' lang='lat' dir='ltr'><strong>aut,</strong></span> <span class='ocrx_word' id='word_1_205' title='bbox 870 2581 900 2648; x_wconf 90' lang='lat' dir='ltr'><strong>si</strong></span> <span class='ocrx_word' id='word_1_206' title='bbox 922 2579 1060 2649; x_wconf 84' lang='lat' dir='ltr'><strong>aduersa</strong></span> <span class='ocrx_word' id='word_1_207' title='bbox 1077 2581 1156 2650; x_wconf 88' lang='lat' dir='ltr'><strong>belli</strong></span> 
     </span>
     <span class='ocr_line' id='line_1_29' title="bbox 139 2667 1171 2758; baseline 0.005 -25"><span class='ocrx_word' id='word_1_208' title='bbox 139 2674 414 2754; x_wconf 84' lang='lat' dir='ltr'><strong>perseuerassent,</strong></span> <span class='ocrx_word' id='word_1_209' title='bbox 439 2690 604 2737; x_wconf 70' lang='lat' dir='ltr'><strong>aemorum</strong></span> <span class='ocrx_word' id='word_1_210' title='bbox 627 2669 815 2758; x_wconf 86' lang='lat' dir='ltr'><strong>sequidem</strong></span> <span class='ocrx_word' id='word_1_211' title='bbox 838 2667 940 2753; x_wconf 84' lang='lat' dir='ltr'><strong>hosti,</strong></span> <span class='ocrx_word' id='word_1_212' title='bbox 965 2667 1022 2736; x_wconf 89' lang='lat' dir='ltr'><strong>sed</strong></span> <span class='ocrx_word' id='word_1_213' title='bbox 1043 2669 1171 2738; x_wconf 85' lang='lat' dir='ltr'><strong>tamen</strong></span> 
     </span>
     <span class='ocr_line' id='line_1_30' title="bbox 46 2753 1191 2852; baseline 0.002 -31"><span class='ocrx_word' id='word_1_214' title='bbox 46 2759 47 2852; x_wconf 54' lang='grc' dir='ltr'>ζ</span> <span class='ocrx_word' id='word_1_215' title='bbox 141 2753 211 2823; x_wconf 86' lang='lat' dir='ltr'><strong>sine</strong></span> <span class='ocrx_word' id='word_1_216' title='bbox 242 2756 329 2846; x_wconf 74' lang='lat' dir='ltr'><strong>regis</strong></span> <span class='ocrx_word' id='word_1_217' title='bbox 361 2757 504 2828; x_wconf 78' lang='lat' dir='ltr'><strong>infamia</strong></span> <span class='ocrx_word' id='word_1_218' title='bbox 549 2759 688 2847; x_wconf 88' lang='lat' dir='ltr'><strong>probato</strong></span> <span class='ocrx_word' id='word_1_219' title='bbox 716 2759 853 2828; x_wconf 90' lang='lat' dir='ltr'><strong>consilio</strong></span> <span class='ocrx_word' id='word_1_220' title='bbox 880 2757 1040 2828; x_wconf 86' lang='lat' dir='ltr'><strong>exercitus</strong></span> <span class='ocrx_word' id='word_1_221' title='bbox 1067 2757 1191 2828; x_wconf 79' lang='lat' dir='ltr'><strong>Mur-s</strong></span> 
     </span>
     <span class='ocr_line' id='line_1_31' title="bbox 46 2843 1156 2936; baseline 0.007 -26"><span class='ocrx_word' id='word_1_222' title='bbox 46 2865 47 2906; x_wconf 58' lang='lat' dir='ltr'><strong>i</strong></span> <span class='ocrx_word' id='word_1_223' title='bbox 100 2861 128 2904; x_wconf 76' lang='lat' dir='ltr'><strong>so</strong></span> <span class='ocrx_word' id='word_1_224' title='bbox 140 2843 238 2914; x_wconf 87' lang='lat' dir='ltr'><strong>donio</strong></span> <span class='ocrx_word' id='word_1_225' title='bbox 260 2847 408 2916; x_wconf 80' lang='lat' dir='ltr'><strong>traditur.</strong></span> <span class='ocrx_word' id='word_1_226' title='bbox 442 2871 500 2916; x_wconf 88' lang='lat' dir='ltr'><strong>rex</strong></span> <span class='ocrx_word' id='word_1_227' title='bbox 513 2848 675 2936; x_wconf 76' lang='lat' dir='ltr'><strong>Abydum,</strong></span> <span class='ocrx_word' id='word_1_228' title='bbox 696 2849 753 2916; x_wconf 90' lang='lat' dir='ltr'><strong>ubi</strong></span> <span class='ocrx_word' id='word_1_229' title='bbox 776 2851 911 2935; x_wconf 87' lang='lat' dir='ltr'><strong>pontem</strong></span> <span class='ocrx_word' id='word_1_230' title='bbox 928 2847 1031 2915; x_wconf 85' lang='lat' dir='ltr'><strong>ueluti</strong></span> <span class='ocrx_word' id='word_1_231' title='bbox 1048 2847 1156 2918; x_wconf 88' lang='lat' dir='ltr'><strong>uictor</strong></span> 
     </span>
     <span class='ocr_line' id='line_1_32' title="bbox 139 2934 1154 3022; baseline 0.004 -21.664"><span class='ocrx_word' id='word_1_232' title='bbox 139 2934 238 3000; x_wconf 87' lang='lat' dir='ltr'><strong>maris</strong></span> <span class='ocrx_word' id='word_1_233' title='bbox 261 2941 477 3022; x_wconf 80' lang='lat' dir='ltr'><strong>conseruerat,</strong></span> <span class='ocrx_word' id='word_1_234' title='bbox 500 2957 574 3004; x_wconf 89' lang='lat' dir='ltr'><strong>oum</strong></span> <span class='ocrx_word' id='word_1_235' title='bbox 596 2937 709 3020; x_wconf 81' lang='lat' dir='ltr'><strong>paucis</strong></span> <span class='ocrx_word' id='word_1_236' title='bbox 730 2936 955 3022; x_wconf 85' lang='lat' dir='ltr'><strong>proficiscitur.</strong></span> <span class='ocrx_word' id='word_1_237' title='bbox 999 2935 1058 3003; x_wconf 85' lang='lat' dir='ltr'><strong>sed</strong></span> <span class='ocrx_word' id='word_1_238' title='bbox 1079 2958 1154 3004; x_wconf 87' lang='lat' dir='ltr'><strong>cum</strong></span> 
     </span>
     <span class='ocr_line' id='line_1_33' title="bbox 51 3019 1154 3111; baseline 0.005 -25"><span class='ocrx_word' id='word_1_239' title='bbox 51 3039 75 3079; x_wconf 78' lang='lat' dir='ltr'><strong>r·</strong></span> <span class='ocrx_word' id='word_1_240' title='bbox 89 3023 272 3106; x_wconf 68' lang='lat' dir='ltr'><strong>rasponum</strong></span> <span class='ocrx_word' id='word_1_241' title='bbox 294 3020 441 3090; x_wconf 88' lang='lat' dir='ltr'><strong>hibernis</strong></span> <span class='ocrx_word' id='word_1_242' title='bbox 463 3023 713 3111; x_wconf 76' lang='lat' dir='ltr'><strong>tempestatibus</strong></span> <span class='ocrx_word' id='word_1_243' title='bbox 735 3021 929 3091; x_wconf 86' lang='lat' dir='ltr'><strong>dissolutum</strong></span> <span class='ocrx_word' id='word_1_244' title='bbox 949 3019 1154 3110; x_wconf 75' lang='lat' dir='ltr'><strong>offenldissct,</strong></span> 
     </span>
    </p>
   </div>
   <div class='ocr_carea' id='block_1_5' title="bbox 46 3107 1324 3203">
    <p class='ocr_par' dir='ltr' id='par_1_5' title="bbox 46 3107 1324 3203">
     <span class='ocr_line' id='line_1_34' title="bbox 46 3107 1324 3203; baseline 0.002 -26"><span class='ocrx_word' id='word_1_245' title='bbox 46 3127 47 3136; x_wconf 54' lang='lat'>¹</span> <span class='ocrx_word' id='word_1_246' title='bbox 138 3107 316 3196; x_wconf 85' lang='lat' dir='ltr'><strong>piscatoria</strong></span> <span class='ocrx_word' id='word_1_247' title='bbox 347 3111 470 3202; x_wconf 85' lang='lat' dir='ltr'><strong>scephe</strong></span> <span class='ocrx_word' id='word_1_248' title='bbox 498 3112 644 3203; x_wconf 90' lang='lat' dir='ltr'><strong>trepidus</strong></span> <span class='ocrx_word' id='word_1_249' title='bbox 672 3111 814 3183; x_wconf 84' lang='lat' dir='ltr'><strong>transiit</strong></span> <span class='ocrx_word' id='word_1_250' title='bbox 859 3117 930 3182; x_wconf 88' lang='lat' dir='ltr'><strong>erat</strong></span> <span class='ocrx_word' id='word_1_251' title='bbox 958 3132 1038 3182; x_wconf 85' lang='lat' dir='ltr'><strong>sane</strong></span> <span class='ocrx_word' id='word_1_252' title='bbox 1067 3111 1189 3203; x_wconf 78' lang='lat' dir='ltr'><strong>quode</strong></span> <span class='ocrx_word' id='word_1_253' title='bbox 1322 3107 1324 3112; x_wconf 81' lang='grc'><strong>’</strong></span> 
     </span>
    </p>
   </div>
   <div class='ocr_carea' id='block_1_6' title="bbox 46 3201 1187 3559">
    <p class='ocr_par' dir='ltr' id='par_1_6' title="bbox 46 3201 1187 3559">
     <span class='ocr_line' id='line_1_35' title="bbox 46 3201 1154 3294; baseline 0.009 -30"><span class='ocrx_word' id='word_1_254' title='bbox 46 3287 47 3290; x_wconf 9' lang='lat'>¹</span> <span class='ocrx_word' id='word_1_255' title='bbox 139 3205 286 3286; x_wconf 81' lang='lat' dir='ltr'><strong>specture</strong></span> <span class='ocrx_word' id='word_1_256' title='bbox 303 3203 484 3274; x_wconf 72' lang='lat' dir='ltr'><strong>humanum</strong></span> <span class='ocrx_word' id='word_1_257' title='bbox 501 3226 605 3294; x_wconf 75' lang='lat' dir='ltr'><strong>genus</strong></span> <span class='ocrx_word' id='word_1_258' title='bbox 622 3209 658 3274; x_wconf 88' lang='lat' dir='ltr'><strong>et</strong></span> <span class='ocrx_word' id='word_1_259' title='bbox 672 3201 782 3274; x_wconf 84' lang='lat' dir='ltr'><strong>dolero</strong></span> <span class='ocrx_word' id='word_1_260' title='bbox 796 3204 945 3273; x_wconf 83' lang='lat' dir='ltr'><strong>debuerit</strong></span> <span class='ocrx_word' id='word_1_261' title='bbox 956 3203 1154 3274; x_wconf 87' lang='lat' dir='ltr'><strong>mutationes</strong></span> 
     </span>
     <span class='ocr_line' id='line_1_36' title="bbox 98 3290 1187 3409; baseline 0.009 -56.544"><span class='ocrx_word' id='word_1_262' title='bbox 98 3301 247 3358; x_wconf 65' lang='lat' dir='ltr'><strong>“rerum</strong></span> <span class='ocrx_word' id='word_1_263' title='bbox 273 3291 336 3362; x_wconf 86' lang='lat' dir='ltr'><strong>hac</strong></span> <span class='ocrx_word' id='word_1_264' title='bbox 363 3293 418 3360; x_wconf 90' lang='lat' dir='ltr'><strong>uel</strong></span> <span class='ocrx_word' id='word_1_265' title='bbox 445 3295 586 3400; x_wconf 78' lang='lat' dir='ltr'><strong>maxima</strong></span> <span class='ocrx_word' id='word_1_266' title='bbox 612 3293 771 3363; x_wconf 83' lang='lat' dir='ltr'><strong>uarietate</strong></span> <span class='ocrx_word' id='word_1_267' title='bbox 797 3290 1008 3398; x_wconf 84' lang='lat' dir='ltr'><strong>permetiens=</strong></span> <span class='ocrx_word' id='word_1_268' title='bbox 1035 3293 1154 3381; x_wconf 67' lang='lat' dir='ltr'><strong>exigam</strong></span> <span class='ocrx_word' id='word_1_269' title='bbox 1183 3401 1187 3409; x_wconf 24' lang='grc' dir='ltr'>ι</span> 
     </span>
     <span class='ocr_line' id='line_1_37' title="bbox 46 3381 1154 3559; baseline -0.004 -17"><span class='ocrx_word' id='word_1_270' title='bbox 46 3453 48 3542; x_wconf 78' lang='lat' dir='ltr'><strong>l</strong></span> <span class='ocrx_word' id='word_1_271' title='bbox 138 3381 1059 3559; x_wconf 53' lang='lat' dir='ltr'><strong>tffltffiffdttddtsttmd‘ttt</strong></span> <span class='ocrx_word' id='word_1_272' title='bbox 1077 3383 1154 3558; x_wconf 60' lang='lat'><strong>3¹3:</strong></span> 
     </span>
    </p>
   </div>
   <div class='ocr_carea' id='block_1_7' title="bbox 46 3671 72 3751">
    <p class='ocr_par' dir='ltr' id='par_1_7' title="bbox 46 3651 72 3751">
     <span class='ocr_line' id='line_1_38' title="bbox 46 3671 72 3751; baseline 0 0"><span class='ocrx_word' id='word_1_273' title='bbox 46 3671 72 3751; x_wconf 66' lang='lat' dir='ltr'><strong>u</strong></span> 
     </span>
    </p>
   </div>
   <div class='ocr_carea' id='block_1_8' title="bbox 0 0 1378 3872">
    <p class='ocr_par' dir='ltr' id='par_1_8' title="bbox 0 0 1378 3872">
     <span class='ocr_line' id='line_1_39' title="bbox 0 0 1378 3872; baseline 0 0"><span class='ocrx_word' id='word_1_274' title='bbox 0 0 1378 3872; x_wconf 95' lang='lat' dir='ltr'><strong> </strong></span> 
     </span>
    </p>
   </div>
  </div>
 </body>
</html>
