2826 3784
252 190 317 257 150
494 193 602 247 revm
619 193 742 247 ouoen
759 193 1007 248 meromvrr

248 357 418 402 manorum
442 336 514 402 oola
534 336 732 422 inpatientia
754 358 827 424 sua,
849 335 889 403 de
912 358 979 423 qua
1001 337 1064 405 sibi
1086 337 1257 405 uictoriam

63 443 84 522 '.'
210 422 315 491 eiam
345 423 466 492 dudum
496 423 663 492 Hannibal
695 424 935 512 praesumebat,
967 425 1088 493 emisit
1132 426 1258 514 collega

246 513 349 580 etiam
369 511 474 582 Pouio
496 549 539 564 ·-
562 535 627 602 quo
650 512 782 582 tandm
803 515 890 583 unci
913 515 1121 602 -perdito,
1146 515 1257 584 nouis·

247 602 329 668 sime
346 601 383 667 in
400 602 513 669 urbem
526 623 630 690 paene
642 603 731 669 seim
745 602 1026 690 impudentissime
1039 603 1143 671 redire
1157 625 1256 672 ausus

134 680 142 692 '
210 692 298 756 aest
318 689 501 776 meruitque
521 688 742 776 impudentiae
764 712 842 758 suae
862 692 1051 778 praemium.
1086 713 1164 758 nam
1183 711 1285 778 gra-a

245 776 311 844 tiae
324 777 365 860 ei,
382 777 469 864 quod
481 775 521 843 de
533 776 700 862 republica
712 799 779 845 non
797 779 1010 865 desperasset,
1029 800 1127 866 qnam
1145 784 1257 847 tamen

244 863 318 950 ipse
338 864 462 930 iecerat
483 863 698 951 dupemtsm,
719 866 848 951 publice
870 867 906 932 in
924 869 1041 934 senatu
1059 871 1152 932 actae
1169 871 1256 933 aunt

63 955 71 1048 J
190 959 230 1009 ¹⁰
311 949 413 1018 Porro
427 955 537 1018 autem
551 949 731 1035 Mancinus,
751 951 806 1038 qui
826 957 916 1018 sorte
930 953 1046 1020 bellica
1059 954 1257 1020 circumuen-

245 1041 316 1103 tum
336 1037 511 1104 exercitum
527 1059 570 1104 ne
587 1037 738 1123 perderet
753 1038 926 1124 laborauit,
945 1039 988 1106 ab
1006 1039 1120 1107 eodem
1139 1045 1256 1106 senatu

40 1201 46 1212 ,
64 1142 72 1207 ξ
190 1134 226 1184 ιι
243 1123 407 1190 deditione
420 1123 595 1190 damnatus
609 1129 668 1192 est
687 1125 765 1210 seio,
773 1125 922 1209 Romani,
931 1132 966 1193 et
978 1125 1254 1194 illudinVarrone
1270 1148 1296 1190 re

242 1209 419 1295 displicuit,
442 1210 500 1276 sed
522 1209 668 1295 'tempori
682 1231 872 1278 conoeeenm
889 1217 949 1297 est,
969 1217 1004 1278 et
1022 1212 1085 1280 boc
1105 1213 1142 1279 in
1160 1213 1255 1278 Man·
1267 1243 1291 1283 s
1304 1231 1345 1274 ssa

241 1297 317 1363 cino
339 1295 473 1384 placuit,
494 1297 550 1364 sed
574 1295 749 1364 seeundum
771 1303 901 1384 tempus
923 1302 1168 1386 praesumptum
1190 1303 1255 1386 est,

7 1372 12 1381 ’
68 1376 86 1439 ἱ
175 1421 177 1424 -
241 1389 340 1472 atque
361 1384 435 1451 ideo
457 1383 500 1450 ab
522 1384 617 1452 initio
639 1385 837 1471 perfecistis,
860 1391 898 1452 ut
919 1406 978 1454 nec
1000 1387 1082 1453 ciuis
1105 1387 1256 1453 maculat

66 1507 72 1558 ;
241 1471 471 1538 conuenienter
491 1471 630 1575 ingratia
647 1473 835 1576 necbostie
849 1472 988 1576 fideliter
1006 1473 1117 1577 credat
1134 1472 1252 1541 infidia

65 1641 74 1667 .
187 1559 1295 1805 ¹²,effeteteniurezureriaffera¹⁶

241 1742 276 1805 et
296 1737 365 1804 drffi
386 1737 420 1804 ἰ
441 1737 590 1826 quamuis
612 1743 761 1806 incautos
780 1738 1052 1825 circumuenisset,
1075 1738 1252 1842 oppressit:

240 1848 379 1914 quorum
397 1848 433 1893 un
455 1849 494 1894 eo
516 1827 640 1913 proelio
663 1843 686 1894 ι.
709 1827 801 1894 milis
823 1827 939 1914 occire,
962 1849 1019 1894 sex
1042 1827 1135 1894 mrha
1157 1831 1254 1914 capta

63 1913 83 2009 ξ
184 1925 222 1978 1⁸
240 1914 432 1996 referuntur,
449 1915 545 2002 pauci
563 1915 642 2070 inv
660 1920 843 1983 euaserunt
875 1916 910 1983 iu
927 1915 1078 1984 citeriore
1091 1913 1254 2001 Hispania

238 2001 381 2089 lepidus
399 2003 590 2090 proconsule
635 2025 777 2090 sceneos,
793 2003 960 2072 innoxiam
979 2007 1110 2090 gentem
1129 2013 1162 2070 ot
1179 2025 1253 2090 sup·
1266 2024 1294 2066 se

53 2080 72 2140 '²
106 2091 109 2096 '
238 2091 368 2177 plicem,
385 2091 483 2158 etiam
502 2095 617 2158 senatu
634 2091 828 2176 probibente
841 2092 1053 2177 pertinaciter
1067 2110 1252 2177 expugnare

64 2169 71 2210 ²
239 2179 421 2264 temptauit
466 2179 523 2245 sed
544 2199 622 2244 mox
645 2183 780 2282 accepta
801 2179 891 2245 clade
914 2178 1111 2266 grauissima
1132 2178 1253 2262 impro·
1344 2219 1345 2224 κ

239 2266 301 2334 bae
322 2267 518 2353 pertinaciae
540 2287 661 2352 poenes
683 2265 754 2333 lurt
800 2287 856 2332 sex
878 2267 970 2333 milia
991 2265 1111 2352 quippe
1133 2264 1250 2332 Roma·

239 2378 357 2424 norum
378 2354 414 2423 in
436 2353 499 2424 boc
520 2353 644 2422 iniusto
667 2353 754 2422 bello
776 2353 953 2423 iustissima
976 2375 1071 2424 caesa
1092 2358 1183 2441 sunt,
1205 2375 1253 2421 re·

239 2445 322 2534 liqui
343 2444 433 2512 exuti
454 2445 585 2531 cesbis,
607 2444 707 2511 armis
730 2445 829 2512 etiam
851 2443 1003 2531 perditis,
1025 2449 1208 2511 euaserunt
1266 2461 1294 2507 sa

66 2523 79 2624 ’ς
185 2544 223 2596 u
304 2531 374 2602 Nec
404 2533 510 2601 minus
538 2533 644 2620 turpis
673 2529 755 2600 baec
783 2532 844 2600 sub
870 2533 990 2617 Lepido
1019 2532 1126 2600 clades
1154 2553 1253 2618 quam

66 2869 79 2972 ς’
187 2887 404 2960 ueneno·
427 2907 465 2954 se

239 2623 300 2690 sub
321 2621 474 2689 bianeino
501 2621 574 2688 fuit
618 2620 666 2688 ita
691 2643 778 2688 nuno
805 2620 869 2688 sibi
895 2621 976 2688 hoec
1004 2625 1153 2705 tempora
1180 2622 1252 2690 ioco

239 2709 406 2778 felicitatis
430 2709 618 2777 adscribant
638 2713 765 2777 utnon
787 2709 924 2776 dixerim
947 2707 1085 2795 Hispani
1109 2712 1161 2777 tot
1182 2709 1253 2796 pul·

240 2798 304 2866 ⁸²¹⁵
326 2797 431 2886 ‘⁸⁶⁸⁸
447 2796 722 2954 enitere
737 2797 874 2953 ”tt-5⁹⁸⁵
888 2798 1007 2954 3:¹3?
1024 2795 1167 2952 ire
1183 2801 1294 2954 it..
1353 2923 1358 2934 .

149 3066 157 3076 ι
239 2976 444 3066 exprobrem,
470 2979 552 3062 quot
576 2977 755 3078 praetores.
770 2907 896 3079 roffi,
922 2905 1145 3078 quedelegiu,
1173 2979 1254 3078 quot

238 3064 398 3153 commea,
419 3068 501 3154 quot
521 3062 667 3154 legiones
689 3066 868 3152 quantique
890 3066 1049 3131 exercitus
1067 3067 1253 3149 consumpte

239 3156 317 3248 sint,
332 3154 413 3226 iilud
431 3155 538 3224 solum
554 3154 698 3242 reuolue,
715 3157 840 3260 quauta
852 3151 953 3222 iuerit
964 3151 1094 3222 tirnoris
1108 3153 1253 3259 amentia

239 3244 739 3425 &execrentur
752 3243 1293 3438 meimet..

239 3447 332 3494 mum
356 3427 481 3514 posset,
508 3423 566 3492 sed
593 3443 669 3491 mox
696 3426 869 3510 conspecto
892 3421 1042 3509 Hispano
1070 3421 1253 3509 speciabter

237 3515 335 3584 boote
355 3513 529 3603 diffugiens
554 3512 644 3582 uinci
675 3533 711 3582 aa
736 3533 841 3602 paene
867 3510 958 3600 priua
984 3509 1128 3580 crederet
1153 3531 1253 3599 quam
