2746 3872
397 98 593 154 uuvuesvu
611 98 776 153 uuosuos
794 99 823 152 11
840 103 920 155 s-s.
1119 95 1162 162 41

152 246 271 332 urguet
291 263 327 309 se
350 244 447 328 utque
470 239 611 308 inminet
630 239 693 307 sibi
712 245 805 306 extre
822 240 897 306 illes
915 244 1046 327 opertos
1064 239 1200 307 bello-o

152 353 226 400 rum
266 331 374 398 clades
412 349 562 397 successu
599 328 718 396 misero
755 328 956 396 oluudestius
992 329 1164 416 peruioisse

153 422 272 508 quippe
295 419 332 487 Τ.
356 418 498 486 Gesouio
526 421 560 486 et
580 417 615 484 P.
638 417 782 485 Miuuoio
810 417 999 486 oonsulibus
1026 417 1091 486 duo
1112 418 1167 486 uel

153 509 296 577 maxime
328 506 473 576 omnium
504 507 665 574 melorum
696 506 971 593 sbomiuemente,
1002 506 1106 574 demes
1133 508 1167 574 et

126 597 343 688 speutilsutie
380 597 501 666 fessum
532 595 647 665 urbem
684 596 876 684 corripuere.
921 599 1083 664 cessatum
1116 599 1168 665 est

152 688 257 777 paulis
299 708 316 754 r
343 709 363 754 e
389 685 522 774 proelis,
543 689 713 753 oessstum
740 689 851 754 tumen
873 707 895 753 s
915 686 1076 753 mortibus
1098 705 1167 753 uon

153 783 211 845 est.
280 777 401 844 sieutes
418 774 550 842 Etrusoi
569 796 686 863 moues
703 774 817 843 hostes
835 774 995 842 sdiuuotis
1013 774 1076 841 sibi
1093 773 1164 841 flui-
1184 789 1200 840 τ

151 867 308 935 timorum
330 863 433 952 eopiis
456 865 491 930 iu
513 864 601 932 belle
622 869 796 954 surgentes
819 863 926 931 obuiis
944 862 988 931 M.
1006 860 1110 931 Febio
1133 867 1167 930 et

153 955 211 1026 On.
224 954 349 1023 Manlio
368 953 555 1022 consulibua
574 955 793 1042 exeipiuutur:
817 953 874 1022 ubi
890 957 969 1042 post
985 974 1166 1022 seoremeu·

112 1051 221 1116 sotum
249 1045 435 1134 iurationis,
464 1064 529 1133 quo
556 1065 592 1114 se
618 1043 758 1116 Romani
784 1043 984 1114 deuouersut
1009 1065 1074 1114 uou
1101 1041 1166 1112 uisi

151 1142 228 1225 post
254 1137 426 1204 uictoriem
450 1135 492 1203 ud
514 1141 622 1204 oestro
644 1137 819 1222 redituros,
846 1135 927 1203 sdeo
950 1139 1043 1202 atrox
1065 1139 1167 1203 uertu-

151 1249 226 1295 meu
248 1226 312 1294 fuit
333 1230 367 1293 et
384 1225 483 1292 uictis
501 1225 744 1312 uictoribusque
761 1246 822 1313 pur
839 1226 954 1309 forms,
975 1229 1022 1311 ut,
1044 1223 1166 1291 smisso

150 1316 292 1404 plurimo
319 1315 461 1385 exercitu
489 1313 603 1384 oooisis
625 1337 667 1383 ue
692 1315 729 1383 iu
756 1335 867 1403 pugne
888 1313 1011 1382 Manlio
1033 1312 1166 1382 oousule

77 1435 98 1474 ιι
111 1423 138 1466 u
152 1410 185 1473 et
206 1404 308 1474 Fabio
331 1405 508 1490 oonsulsri,
531 1403 575 1472 M.
597 1337 720 1473 dubius
743 1404 857 1473 oonsul
882 1402 1038 1472 ¹oblutum
1060 1402 1124 1471 sibi
1146 1426 1167 1471 ιι

114 1511 140 1552 1⁶
154 1498 269 1561 renutu
291 1493 494 1578 triumphum
518 1494 680 1579 suscipere
700 1494 868 1574 reouserit,
890 1494 968 1580 quie
983 1491 1087 1559 tentis
1105 1491 1166 1558 rei·
1307 1511 1312 1518 ·

151 1582 302 1666 publioue
324 1580 528 1648 detrimentis
551 1581 657 1647 luotus
680 1581 789 1665 potius
812 1579 1001 1646 debebatur.
1063 1579 1196 1645 losio-s

152 1668 283 1736 sissimo
299 1668 358 1735 iliu
375 1689 510 1736 numero
525 1672 558 1734 et
575 1668 700 1735 uiribus
714 1667 892 1735 Fabiorum
909 1665 1036 1734 semilis
1082 1664 1167 1733 eisn-

150 1761 263 1824 teuum
285 1758 402 1826 sortitu
420 1761 584 1824 eertumeu
602 1761 757 1844 questum
775 1755 972 1844 reipublicae
991 1755 1165 1823 orbitstem

151 1867 268 1914 ooousu
295 1868 356 1914 suo
383 1846 544 1934 intulerit,
571 1845 750 1914 infamibus
773 1866 876 1932 usque
899 1845 940 1912 ed
962 1864 1050 1911 nuno
1070 1865 1166 1912 uoce·

111 1935 237 2002 usulis
269 1939 370 2003 testes
398 1941 476 2002 sunt
501 1935 620 2002 fluuius
648 1935 704 2020 qui
730 1934 874 2022 perdidit
899 1939 934 2001 et
962 1937 1056 2020 portu
1081 1954 1166 2021 quse

150 2023 248 2089 misit.
284 2045 362 2089 nem
385 2044 459 2090 oum
482 2043 538 2090 sex
558 2026 593 2089 et
609 2023 746 2089 treoeuti
765 2022 869 2107 Fabii,
890 2042 966 2088 uere
984 2021 1201 2088 clarissimes

149 2109 292 2177 Romani
315 2113 420 2177 stetur
443 2110 577 2195 luminu,
601 2111 741 2196 speoiule
765 2110 828 2176 sibi
851 2108 1024 2177 aduersum
1047 2108 1165 2177 Veien-

150 2201 200 2264 tes
228 2197 358 2265 decerni
386 2198 508 2265 bellum
535 2197 784 2285 expetiuisseut,
811 2219 901 2284 spem
928 2201 1050 2264 temere
1077 2219 1165 2264 sum-

172 2290 225 2354 tus
253 2286 468 2375 expeditionis
490 2285 606 2374 primis
629 2285 832 2356 successibus
855 2286 1083 2355 firmauerunt:
1110 2285 1166 2354 de-

111 2391 138 2436 u
177 2377 227 2444 'uo
255 2377 381 2444 iuduoti
410 2377 445 2444 iu
473 2377 611 2445 insidias
637 2376 913 2463 oiroumueutique
941 2377 983 2444 eb
1004 2375 1180 2461 hostibus,'

151 2487 264 2533 omues
286 2466 410 2534 ibidem
428 2465 580 2534 trucidati
597 2470 685 2552 sunt,
705 2488 772 2534 uno
790 2469 918 2533 tuntum
937 2463 979 2532 sd
997 2463 1166 2534 enuntien-

151 2553 226 2621 dem
249 2554 375 2624 olsdem
396 2559 574 2642 reserueto,
596 2559 634 2623 ut
655 2555 805 2622 miserius
826 2553 953 2621 sudbet
968 2553 1077 2641 putris
1093 2575 1165 2640 per·

150 2641 246 2731 ditos,
268 2666 366 2731 quum
388 2643 591 2733 perdidisset
636 2643 677 2710 sd
699 2644 781 2712 huso
801 2664 869 2712 uon
890 2641 1014 2711 Romee
1036 2646 1166 2710 mutum
1185 2659 1220 2710 ro

149 2733 230 2800 teliu
256 2735 468 2821 gerebsutur,
495 2732 552 2800 sed
580 2753 726 2821 quosque
753 2732 922 2821 prouiuois
944 2732 1011 2800 suis
1033 2733 1044 2799 i
1095 2732 1166 2801 'bus

110 2823 324 2891 ”sestusbst
346 2827 393 2909 et,
420 2823 506 2909 quod
528 2829 627 2908 poete
648 2823 842 2908 proecipuus
865 2823 900 2889 iu
921 2842 988 2888 uns
1009 2843 1049 2888 ur
1071 2843 1090 2888 e
1112 2820 1165 2888 de·

150 2911 289 2998 seripsit,
311 2931 373 2998 ego
395 2911 436 2978 de
458 2914 531 2978 toto
554 2909 632 2978 orbe
655 2909 805 2978 dixerim:

270 3085 384 3156 Luctus,
402 3083 508 3156 ubique
525 3099 615 3157 peuor
631 3085 664 3141 et
679 3011 919 3157 plmmffibd
935 3011 1041 3155 Q

41 3193 85 3274 }''
98 3191 138 3234 ιω
219 3175 334 3266 *Igitur
364 3177 476 3247 eodem
509 3182 656 3265 temporo
687 3173 808 3265 Cyrus,
838 3198 895 3245 rex
921 3171 1093 3245 Persarum
1123 3183 1202 3243 -t

41 3279 43 3348 t
110 3281 245 3355 “quem
269 3268 417 3355 superius
441 3265 650 3356 expliouudee
672 3265 829 3336 historiae
851 3287 950 3335 osuss
972 3287 1167 3336 oommemo-

41 3351 43 3440 J
151 3377 315 3442 reuerem,
345 3357 402 3444 qui
428 3362 507 3425 tuno
533 3356 646 3424 Arium
670 3353 839 3442 Soytbism
865 3360 1035 3444 totumque
1061 3355 1192 3447 orien-¹

41 3447 42 3454 ’
151 3451 219 3513 tem
238 3446 339 3513 ermis
356 3447 608 3536 pemegsbstur,
626 3467 699 3514 oum
715 3443 911 3534 Torquiuius
929 3443 1094 3534 Superbus
1111 3466 1165 3514 ur·
