2746 3872
403 139 601 194 anvausvn
617 139 784 194 eremos
801 141 830 194 11
849 144 928 198 a-a.
1128 137 1171 205 37

160 281 397 353 Chaldaeorum
424 281 549 350 uiribus
575 285 726 370 potenter
754 287 788 350 et
811 247 1015 368 Babyloniae
1040 281 1173 350 nornine

160 373 239 446 olari
257 371 419 462 legantur,
440 370 475 441 in
493 392 630 442 numero
647 375 759 442 tamen
778 377 811 442 at
828 371 957 442 cardine
974 391 1089 463 regum
1106 392 1173 442 non

159 465 321 536 habentur
352 463 550 533 inlustrium.
596 463 747 552 Babylon
778 463 891 554 itaque
922 487 961 534 eo
993 486 1080 533 enno
1112 463 1207 533 aube

159 557 285 625 Arbato
314 555 478 642 praelecto
507 554 723 641 dehonorata,
751 576 816 642 quo
845 555 952 624 Roma
981 555 1042 623 rub
1069 553 1175 622 Prooa

133 667 249 733 aroge,
271 648 310 711 ut
331 644 461 730 proprie
484 643 633 730 dixerim,
655 644 815 712 seminate
837 649 896 712 eet
940 643 1093 731 Babylon
1114 665 1174 712 no·

160 735 292 800 uieaime
310 753 350 799 eo
367 734 514 818 tempora
532 731 651 818 acyro
669 753 745 820 rege
765 733 930 818 aubuerae,
948 755 1012 820 quo
1030 733 1174 819 primum

160 823 265 890 Rome
282 842 304 889 a
320 818 572 908 Tarquiniorum
590 841 704 909 regum
723 821 946 890 dominatione
959 821 1098 890 liberate
1115 825 1174 888 eet

161 911 320 999 siquidem
350 911 410 977 rub
439 931 505 978 una
531 909 707 998 eademque
734 911 963 979 conuenientia
989 913 1174 998 temporum
1193 917 1226 972 ιο

160 1001 220 1069 illa
241 999 367 1081 oeoidit,
389 999 456 1067 iata
477 999 631 1086 surrexit3
654 998 713 1066 illa
734 1003 813 1067 tuno
834 1000 975 1086 primum
994 1000 1174 1066 alienorum

86 1118 108 1159 e
120 1110 148 1153 aa
160 1111 315 1177 perpessa
333 1085 554 1176 dominatum,
571 1089 651 1157 haee
668 1093 747 1156 tune
764 1088 906 1176 primum
925 1088 1025 1156 etiam
1041 1109 1174 1157 anorum

121 1201 147 1242 u
161 1182 334 1267 aapemata
360 1177 543 1264 fufidium,
570 1176 630 1247 illa
655 1183 735 1246 tune
761 1177 857 1266 quari
883 1178 1027 1246 moriana
1049 1177 1176 1245 dimisit

160 1269 387 1354 hereditatem,
417 1268 498 1336 haee
529 1289 607 1337 uero
638 1269 818 1355 pabeaoena
853 1272 932 1336 tuno
968 1291 1002 1335 ae
1038 1268 1176 1356 agnouit

160 1357 323 1443 heredem3
350 1361 429 1423 tuno
456 1358 592 1424 orientia
620 1357 741 1424 oooidit
766 1361 801 1423 et
823 1361 931 1424 ortum
954 1361 1006 1425 eet
1028 1355 1174 1425 oeoidan·

159 1446 203 1514 tia
226 1445 408 1532 imperium.

122 1555 149 1598 aa
226 1533 273 1601 Bt
293 1556 336 1601 ne
354 1533 475 1601 diutina
494 1533 603 1600 uerbis
622 1554 739 1618 morer,
761 1533 931 1601 committo
953 1553 1005 1600 me
1023 1533 1174 1599 dentibus
1193 1542 1226 1594 ιι

160 1621 401 1706 insanientium,
423 1621 479 1687 eod
501 1620 651 1688 ueritatis
674 1620 836 1706 praesidio
859 1620 1073 1688 liberandum.

227 1707 394 1794 Ragnauit
414 1707 522 1776 Ninue
550 1709 644 1775 annia
667 1725 725 1775 m.
769 1708 822 1774 eui
845 1708 1013 1792 anooeeait,
1041 1712 1079 1774 ut
1100 1707 1210 1790 dixi,8

160 1817 243 1863 uxor
275 1817 335 1863 aua
361 1793 566 1862 Semiramio:
598 1817 680 1883 quaa
712 1817 786 1863 aum
818 1800 853 1862 et
879 1796 950 1882 ipsa
976 1813 1051 1862 xn11
1079 1793 1175 1862 annia

160 1886 356 1974 regnauerit,
368 1884 477 1954 medio
491 1885 620 1973 imperii
634 1885 685 1953 aui
697 1888 844 1973 tempore
857 1883 1063 1971 Babylonem
1076 1889 1176 1971 eaput

121 1993 149 2036 n
160 1976 255 2064 regni
273 1973 426 2044 condidit
454 1975 503 2043 ita
515 1974 664 2063 Babylon
682 1980 759 2064 poet
776 1997 880 2044 annor
893 1993 989 2045 ncux
1008 1979 1042 2043 et
1057 1970 1174 2063 propel
1192 1983 1210 2037 a

160 2065 293 2133 modum
316 2068 480 2153 quattuor,
502 2087 600 2153 quam
622 2065 753 2134 condita
775 2069 855 2150 arat,
877 2088 898 2133 a
919 2065 1024 2133 Media
1047 2071 1081 2133 et
1104 2064 1174 2150 [ab]

86 2181 108 2223 e
123 2171 149 2215 n
162 2151 306 2239 Arbato,
331 2171 409 2240 rege
437 2150 571 2238 ¹eorum,
602 2153 768 2238 praefecto
795 2158 906 2221 autem
933 2175 1007 2238 auo,
1033 2153 1176 2240 spoliata

161 2243 278 2330 opibus
300 2247 335 2309 et
356 2263 458 2346 regno
480 2248 577 2347 atque
599 2243 671 2331 ipso
694 2264 772 2348 rega
793 2241 924 2348 priuata
946 2248 1009 2348 eet:
1032 2241 1104 2347 inea
1125 2247 1175 2309 ta·

121 2335 373 2506 „euenit
395 2331 1210 2507 eezriurrrlrtlurrrltzrl⁸

161 2512 327 2596 quattuor,
358 2507 523 2614 aGothie
551 2513 585 2577 et
610 2509 766 2615 Alarioho
794 2530 870 2616 rega
897 2531 1024 2598 eorum,
1054 2510 1174 2578 comite

159 2599 1209 2790 :ritulitmlz.l‘1llllml5¹¹;l:llliss”nffir

161 2793 287 2841 aroeme
315 2775 450 2843 statutio
476 2776 562 2842 inter
586 2780 760 2864 utramque
786 2776 900 2844 urbem
927 2775 1173 2844 oonuenientiaa

120 2863 261 2930 »totius
284 2863 364 2932 ordo
387 2867 536 2932 nemetae
559 2863 613 2950 ait,
633 2868 671 2932 ut
691 2868 726 2932 et
746 2865 793 2932 ibi
815 2865 998 2952 praefertur
1021 2865 1091 2933 eiua
1112 2864 1173 2932 Ar·

160 2950 256 3019 batua
275 2971 411 3040 regnum
429 2953 590 3057 inuarerit
607 2957 641 3021 et
657 2953 711 3057 laio
727 2955 911 3040 praefertur
928 2953 1025 3022 huiue
1040 2951 1173 3057 Attalus

160 3042 794 3216 cumn
811 3041 1173 3218 {inruunt

226 3215 340 3304 ltaque
361 3217 443 3285 liaeo
465 3217 508 3285 ob
530 3217 594 3286 boo
615 3217 788 3306 praecipua
807 3218 1090 3287 oommemoranda
1106 3231 1209 3286 are-a

51 3319 52 3324 ’
121 3319 147 3365 ιι
161 3301 241 3390 didi,
271 3309 310 3372 ub
338 3311 433 3376 tanto
460 3306 676 3376 ineffabilium
702 3307 896 3376 iudiciorum
923 3305 986 3376 Dei
1013 3329 1053 3378 ex
1079 3313 1172 3396 parto

159 3391 323 3476 patefacto
343 3395 538 3482 intellegant
553 3395 598 3482 bi,
620 3395 676 3482 qui
693 3395 887 3482 inaipienter
904 3396 1016 3483 utique
1033 3395 1074 3463 de
1090 3401 1172 3463 tem·

160 3478 294 3582 poribus
305 3477 501 3550 Christiania
514 3487 728 3569 murmurant,
740 3504 840 3552 nuum
853 3482 960 3552 Deum
973 3481 1171 3573 ᾱὶιροιαίειο
