2714 3788
269 57 337 124 254
443 81 446 90 =
511 62 620 117 esvm
638 61 761 117 ouosn
778 51 1050 118 maronisnvu*

268 230 329 314 per
362 205 548 347 epistulium¹
574 207 615 274 ad
646 207 826 314 Minucium
857 207 1049 314 Fundanum
1085 209 1278 314 prooonsule

233 295 520 454 mue
547 295 1280 473 terrueruutlluurre·rr

268 474 363 543 tinno
389 479 483 562 peter
508 475 634 560 patriae
660 473 696 540 in
725 479 841 542 senatu
863 474 951 542 ultra
973 495 1097 542 morem
1120 474 1279 541 maiorum

270 565 454 718 appellatur
480 567 514 630 et
539 584 621 630 uxor
646 563 716 631 sius
738 561 896 651 Auguste
940 561 1128 630 Hadrianus
1150 585 1279 650 rempu-
1304 580 1317 623 o

269 650 388 720 hieam
419 650 605 719 iustissimis
637 651 764 738 legibus
796 651 971 736 ordineuit3
1007 652 1128 719 bellum
1165 656 1281 720 eontra

49 742 80 817 ζ’
175 788 177 794 -
232 737 478 809 eunomus
496 737 608 828 geslsit
625 744 659 807 et
676 738 763 806 uiuit
784 737 921 808 Iudaeos
935 761 1022 825 seue,
1035 740 1278 827 perturbatione
1296 768 1329 808 s<

269 829 424 896 seelerum
442 851 576 898 suorum
593 828 775 916 exagitatos
792 832 827 895 st
839 827 1056 896 Palaestinam
1074 830 1279 916 prouinoiem

268 917 546 1004 quondamqsuam
569 917 811 1005 depopulantes,
833 917 950 985 ultima
971 917 1069 986 oaerle
1087 917 1279 1005 perdomuit,

267 1006 419 1095 ultusque
441 1011 492 1076 est
514 1005 731 1094 Christianos,
753 1029 835 1094 quos
857 1006 906 1074 illi
930 1005 1083 1075 Coeheba
1105 1008 1199 1095 duee,
1220 1029 1278 1075 eur
1292 1025 1316 1068 rs

267 1095 332 1162 sihi
357 1097 528 1165 aduersum
550 1096 716 1164 Romanos
743 1117 809 1164 non
832 1096 1091 1181 adsentarentum
1117 1101 1277 1165 excrucia·

230 1183 360 1272 eumq
381 1186 618 1273 praecepitque,
639 1207 680 1252 ue
702 1185 754 1252 eui
775 1183 896 1252 Iudaeo
919 1185 1103 1253 introeundi
1126 1183 1278 1253 Hieroso-

266 1271 391 1378 lymam
412 1279 500 1342 esset
521 1273 665 1378 lieentia,
687 1269 882 1378 (lhristinms
904 1277 1031 1341 tanturn
1053 1274 1186 1342 unitate
1208 1295 1278 1362 per·

265 1367 851 1556 ffiliouhgnhnpphhhhitmstohthiiffi
872 1366 1278 1539 {molummis
1290 1467 1313 1512 u

210 1631 252 1693 ιι
265 1545 520 1700 mffihoehhh
536 1631 617 1699 urhe
648 1630 779 1700 uendite
810 1647 1062 1701 ooecnxxxvrrr
1091 1630 1275 1699 Antoninus

264 1726 480 1807 cognomento
498 1721 577 1788 Pius
596 1721 712 1786 tertius
734 1719 876 1788 ‹leoirnns
898 1721 942 1787 eb
964 1721 1116 1808 Augusto
1138 1721 1275 1808 impere-

264 1813 319 1874 tor
339 1807 475 1876 oreu'tus
497 1829 573 1876 enm
595 1808 706 1875 liberis
729 1808 798 1875 suis
820 1808 955 1876 Aurelio
978 1813 1013 1875 et
1032 1808 1133 1876 laurio
1157 1809 1275 1894 uiginti
1292 1828 1329 1876 se

263 1899 298 1962 et
325 1917 392 1965 non
420 1898 525 1984 plenis
556 1896 661 1964 trihus
691 1897 786 1964 annis
814 1896 1047 1982 rempublicam
1079 1895 1312 1984 guberneuitss

263 1983 345 2050 odeo
374 1984 550 2072 tranquille
579 1988 614 2050 et
642 1988 767 2068 senote,
801 1990 839 2051 ut
867 1985 983 2052 merite
1012 1983 1090 2051 Pius
1120 1989 1155 2051 et
1206 1989 1276 2052 ater

227 2071 388 2158 ipstriee
404 2073 590 2140 nominatus
608 2073 660 2139 sit
695 2071 792 2139 huius
810 2075 922 2138 tamen
939 2073 1139 2158 temporibus
1185 2073 1275 2139 alen·

260 2159 350 2226 tinns
377 2159 619 2229 haeresiarches
646 2163 681 2227 et
703 2157 808 2228 (lerdo
831 2161 989 2249 magister
1011 2160 1187 2228 Marcionis
1209 2160 1275 2228 Ro·

261 2268 351 2314 mum
381 2253 549 2317 uenerunt
592 2271 706 2317 uerum
734 2249 880 2316 lustinus
909 2248 1123 2337 philosophus
1153 2249 1273 2316 librum

260 2357 321 2424 pro
352 2333 541 2407 Christiana
571 2337 730 2425 religione
761 2337 977 2424 eompositum
1007 2337 1177 2406 Antonino
1208 2341 1272 2404 tra·
1286 2349 1309 2396 ¹⁸

261 2423 344 2495 didit
361 2427 599 2516 benignumque
617 2447 691 2493 eum
710 2447 787 2514 erge
800 2425 1002 2494 Christianos
1020 2425 1169 2495 hominen
1187 2427 1272 2494 t'eoit

260 2513 447 2583 Antoninus
477 2515 519 2582 ad
547 2515 772 2583 dnodeoimum
801 2514 844 2581 eh
873 2515 953 2582 urhe
984 2514 1127 2601 lapidem
1159 2516 1273 2584 morbo

261 2607 428 2690 correptus
449 2603 584 2672 interiit

66 2775 68 2780 Ι
121 2763 125 2771 ,
208 2689 248 2752 15
330 2689 434 2762 temo
457 2693 499 2762 ab
520 2692 601 2760 urhe
618 2691 751 2760 eondita
767 2707 918 2760 nocccxr
936 2690 1066 2760 hierone
1084 2690 1271 2761 Antoninus
1288 2717 1318 2759 ι·

261 2776 367 2847 Verus
380 2785 515 2868 quertns
530 2780 673 2848 deoimns
687 2781 730 2848 uh
740 2780 888 2866 Augusto
902 2800 1040 2867 regnum
1054 2803 1127 2848 oum
1138 2779 1272 2848 Aurelio
1284 2795 1308 2839 κ

262 2863 439 2937 Commodo
452 2869 553 2937 tratre
572 2867 719 2955 suseepit
736 2867 920 2954 mansitque
938 2869 974 2935 in
992 2889 1031 2937 eo
1050 2868 1145 2935 annis
1163 2868 1272 2936 decem

262 2959 296 3023 st
323 2979 449 3026 nouem.
492 2957 528 3024 hi
558 2957 656 3044 primi
683 2957 914 3045 rempublicam
944 2978 1048 3046 eoquo
1075 2957 1144 3024 iure
1174 2957 1272 3024 tutati

225 3049 347 3112 nsunt
383 3045 507 3114 bellum
524 3045 640 3115 duride
658 3051 773 3114 eontra
789 3044 929 3113 Parthos
947 3045 1132 3113 edmirehili
1150 3044 1272 3114 uirtute

260 3135 295 3198 et
321 3131 475 3202 lelioitste
504 3138 684 3223 gesserunt
728 3133 857 3202 Annius
884 3133 1071 3202 Antoninus
1092 3132 1198 3201 Verus
1228 3133 1269 3202 ud

259 3219 294 3289 id
316 3221 438 3291 buum
460 3223 625 3310 profertur
646 3227 708 3292 est.
737 3220 923 3312 vologesus
941 3223 1037 3308 enirn,
1058 3245 1116 3290 rex
1132 3220 1305 3291 Porum-⁸⁸

259 3329 342 3398 rum,
363 3311 457 3400 grnui
474 3310 646 3401 eruptione
663 3311 851 3379 Armeniam
869 3307 1107 3399 (luppsdoeism
1126 3310 1271 3399 Syriam·

223 3408 242 3460 a
260 3419 323 3486 que
340 3401 501 3469 untuhet
537 3400 594 3469 ssd
610 3398 806 3486 Antoninus,
827 3420 886 3488 per
907 3400 1150 3470 strenuissimos
1173 3400 1269 3470 dones

1270 3653 1306 3700 A
