2744 3800
324 59 520 114 mvsaevrr
537 59 703 114 eremos
721 59 773 114 vu
790 62 816 116 e.
835 61 871 118 a·
997 99 999 105 -
1049 57 1115 126 243

104 211 181 274 tunc
203 203 376 272 infideliter
399 203 615 288 obstinatum,
645 209 683 272 ut
709 209 833 292 quanta
860 203 1035 272 multitudo
1057 204 1115 272 ho·

104 295 229 362 minum
252 299 479 380 praeparatam
502 297 640 361 mortem
663 293 817 380 emerit,
843 315 884 362 ex
906 293 1114 361 multitudine

103 383 348 451 interfectorum
356 383 498 468 piscium
507 381 685 449 disceretur
698 383 911 470 omnibusque
924 387 1116 466 notesceret,

105 471 181 559 quid
207 475 303 538 tenta
329 471 445 538 ueneni
473 469 575 538 moles
602 475 671 538 arto
700 476 796 539 aucta
821 491 918 560 agere
941 472 976 538 in
997 471 1116 538 misera

77 561 235 628 solunte
253 561 424 648 potuisset,
442 581 525 648 quae
543 561 754 650 neglegenter
773 560 876 628 effusa
896 560 994 627 etiam
1012 559 1116 631 muria

104 649 257 738 eorrupit.

171 741 267 808 Anno
296 740 338 808 ab
364 740 444 808 urbe
471 739 602 809 condita
623 755 766 808 cccxcv
787 739 937 808 Tiberius
961 737 1153 814 Claudiurn

105 831 146 899 ab
176 830 328 920 Augusto
358 834 492 918 quartus
522 849 659 918 regnum
688 829 825 918 adeptus
855 835 906 898 eet
934 829 1116 917 mansitque

104 922 139 989 in
161 943 199 989 eo
222 921 317 987 anuis
340 921 606 1008 quattuordecim.
638 920 769 989 exordio
792 920 886 1008 regni
904 920 973 988 ciue
990 919 1117 1005 Petrus,
1135 927 1152 980 a
1279 933 1283 953 ³

18 1036 40 1077 a
53 1025 92 1068 Μ
106 1009 273 1098 apostolus
292 1008 424 1077 Domini
444 1007 527 1077 lleeu
545 1008 680 1096 Christi,
702 1009 841 1080 Romam
864 1009 956 1076 uenit
977 1014 1011 1077 st
1032 1009 1117 1078 salu·

68 1115 92 1157 11
106 1105 209 1167 wem
239 1099 363 1167 cunctis
393 1099 598 1166 credentibus
628 1099 725 1166 fidem
757 1099 844 1166 fideli
877 1099 977 1166 uerbo
1008 1099 1118 1166 docuit

128 1186 403 1274 otentissimieque
439 1188 616 1254 uirtutibus
653 1188 861 1275 approbauit3
897 1192 995 1274 atque
1031 1187 1116 1254 exim

157 1275 284 1344 matiani
297 1275 421 1344 Romu
439 1297 510 1344 esee
529 1281 713 1363 coeperunt
749 1277 852 1343 senait
869 1274 931 1343 hoc
949 1276 1117 1343 conlatum
1134 1284 1164 1336 a.
1268 1260 1271 1269 ’

105 1367 179 1434 fidei
197 1388 274 1433 suae
294 1364 400 1432 Rom
418 1365 618 1433 beneficium.
653 1387 729 1433 uam
748 1387 822 1434 cum
844 1363 1015 1433 interiecto
1034 1363 1117 1434 Gali·

67 1467 94 1511 1⁸
106 1454 186 1544 gula
217 1454 321 1522 multa
352 1453 392 1521 de
426 1453 616 1542 abrogando
647 1455 783 1540 imperio
817 1476 855 1522 ao
885 1454 1051 1541 republica
1081 1454 1117 1520 in

106 1544 274 1631 antiquum
305 1542 451 1610 ordinem
479 1543 680 1611 restituenda
712 1543 952 1629 euertendaque
986 1543 1116 1628 penitus

105 1630 280 1701 Caesarum
312 1633 467 1700 uniuersa
499 1632 626 1699 familia
658 1636 792 1700 senatus
819 1636 853 1699 et
884 1632 1032 1698 consules
1064 1631 1118 1699 de·

105 1723 299 1808 creuissent,
336 1719 489 1791 Claudius
519 1743 595 1790 mox
627 1723 664 1790 ut
699 1721 906 1790 confirmauit
935 1719 1154 1809 imperinm

105 1833 225 1902 magne
239 1817 336 1903 alque
351 1811 457 1881 adhuc
467 1811 592 1882 Murco
601 1813 770 1902 incognite
784 1833 862 1881 usus
877 1811 1057 1897 clementia,
1074 1832 1116 1879 ne

66 1919 93 1964 η
106 1904 141 1972 in
158 1909 285 1972 tantam
303 1903 461 1973 nobilium
475 1903 714 1972 multitudinem
733 1904 824 1990 ultio,
843 1903 871 1971 ei
889 1907 976 1971 esset
991 1905 1116 1990 coepta,

105 1996 258 2076 saeuiret,
286 1994 420 2062 biduum
452 1994 546 2080 illud,
577 1991 703 2081 quode
731 1991 928 2081 reipublicae
951 1995 1040 2061 statu
1067 1993 1117 2060 in·

104 2082 241 2151 feliciter
253 2084 470 2150 consultatum
485 2087 656 2170 actumque
674 2083 789 2169 luerat,
806 2081 980 2149 memoriae
998 2082 1118 2150 exemit
1222 2143 1233 2164 ,

105 2172 314 2260 omniumque
332 2171 489 2240 motorum
513 2171 713 2240 dictorumue
735 2171 771 2238 in
793 2193 832 2239 eo
854 2171 984 2239 ueniam
1006 2174 1040 2237 et
1061 2169 1118 2239 ob·

105 2259 259 2329 liuionem
286 2261 320 2328 in
348 2265 540 2348 perpetuum
568 2261 686 2328 sanxit
729 2261 778 2328 ita
804 2260 895 2327 illam
918 2261 1154 2348 praeclaramo

66 2361 93 2407 ὓ
106 2354 140 2416 et
166 2350 325 2418 famosam
348 2348 600 2418 Atheniensium
628 2351 837 2436 amnestiam,
864 2371 961 2438 quam
987 2348 1117 2436 quidem
1258 2393 1262 2414 .

34 2441 37 2448 '
106 2437 229 2506 Romae
252 2438 402 2506 inducere
420 2437 504 2506 Iulio
523 2437 661 2507 Caesare
684 2438 855 2506 interiecto
878 2442 1009 2505 senatus
1028 2434 1117 2505 Cice·

105 2547 183 2595 rone
207 2527 362 2594 madente
384 2531 613 2619 temptauerat,
635 2528 690 2594 sed
713 2527 858 2594 Antonio
881 2530 915 2593 et
936 2526 1117 2593 Octauiano

105 2619 239 2702 propter
267 2616 423 2682 ultionem
453 2616 588 2682 extincti
616 2613 765 2683 Omne
793 2613 1054 2700 inrumpentibus
1082 2615 1117 2680 in

104 2701 239 2770 inritum
257 2707 411 2771 ceesomt:
433 2701 519 2770 hanc
538 2702 702 2788 Claudius,
720 2702 870 2790 quamuis
888 2702 992 2770 multo
1010 2705 1117 2770 trucu-

66 2803 93 2847 w
106 2789 243 2858 lentiore
270 2813 370 2860 cauea
396 2791 430 2858 in
452 2790 582 2859 enodem
605 2791 864 2877 conspiratorum
887 2791 1118 2875 stimularetur,

104 2878 255 2950 ultronea
284 2880 456 2950 clementia
483 2879 574 2949 nullo
604 2882 774 2968 expetente
803 2879 955 2946 firmauit
1000 2877 1154 2946 occidite

106 2970 204 3038 etiam
231 2972 345 3039 eodem
372 2975 440 3038 tem
484 2993 519 3040 re
570 2968 729 3039 raesentie
757 2968 883 3073 gratim
905 2966 968 3036 Dei
995 2966 1117 3057 mande

106 3057 310 3126 miraculum:
345 3058 432 3145 siqui
453 3080 504 3125 em
586 3058 656 3125 riue·
686 3055 843 3124 (lamrllus
876 3055 1118 3140 Scribonianus,

105 3141 288 3213 Dalmatiae
310 3147 447 3233 legatus,
469 3145 591 3212 bellum
609 3145 703 3214 ciuile
721 3144 855 3212 molitus
872 3144 1019 3232 legiones
1037 3144 1118 3210 mul·

64 3245 91 3290 ⁸⁶
103 3236 155 3299 tas
168 3232 427 3321 fortissimasque
440 3233 481 3302 sd
495 3234 691 3302 sacramenti
705 3233 919 3302 mutationem
931 3231 1117 3320 pellexerat

18 3319 215 3405 euinque
237 3321 289 3388 die
311 3323 402 3408 dato,
427 3328 466 3389 ut
490 3323 527 3390 in
553 3321 664 3390 uinum
685 3321 828 3410 undique
850 3321 892 3389 ad
913 3343 1043 3389 nouum,
1056 3319 1152 3387 iuer

103 3411 285 3491 potatorem
314 3411 555 3497 conueniretur,
582 3431 686 3500 neque
714 3409 842 3499 aquilas
871 3409 981 3478 ornari
1010 3431 1115 3499 neque

902 3512 956 3572 ro·
