2826 3784
222 131 287 200 168
467 137 576 190 ram
593 135 716 191 ouosu
733 137 981 192 menemus

218 278 398 346 infamibus
424 279 513 348 ausis
540 281 725 348 contionem
751 279 839 350 domi
869 301 952 349 sune
975 280 1092 349 habuit
1119 281 1230 370 ibique

182 379 200 431 t
220 367 264 432 ab
285 366 360 434 aliis
381 388 447 454 ror,
468 367 510 433 ab
528 369 602 434 aliis
619 371 796 455 imperator
813 375 865 436 est
882 369 1075 457 appellatus.
1106 369 1229 438 Marius

218 454 445 540 manipulatim
474 455 569 540 plebe
598 455 761 542 desumpta
789 456 928 524 alterum
958 457 1124 525 consulem
1156 478 1228 525 oum

218 539 550 716 atttttl
564 543 1268 716 tllzltalttla‘ttmtlmlmlt,

216 715 320 783 rianis
350 716 423 785 iore
458 718 572 802 pulsus
602 719 637 786 in
670 716 869 805 Capitolium
905 719 1001 786 coniu
1028 721 1066 806 't3
1103 718 1228 789 Marius

179 819 200 872 a
217 804 355 891 fistulas,
376 804 494 892 quibus
516 827 555 872 eo
579 828 664 892 aqua
685 806 917 893 deducebatur,
938 809 1004 875 inci
1029 808 1076 890 't
1106 808 1228 876 bellum

216 892 331 960 deinde
357 894 393 961 in
422 894 513 961 aditu
539 892 695 981 Capitolii
724 895 893 963 horridum
922 897 1002 964 satis
1032 901 1139 964 actum
1169 903 1228 982 est,

214 981 311 1047 multi
333 981 422 1050 circa
438 979 602 1050 Saufeium
621 987 655 1050 et
672 981 883 1051 Saturninum
902 984 998 1052 caesi.
1033 983 1228 1052 Saturninus

343 1070 525 1157 clamitans,
546 1069 687 1139 Marium
709 1078 875 1140 auctorem
898 1095 970 1140 esse
992 1073 1138 1141 omnium
1159 1096 1227 1141 mo·
1241 1091 1270 1133 ιο

98 1180 110 1198 ·
178 1173 198 1224 s
231 1157 368 1224 ''onum
399 1180 544 1244 suarum,
575 1163 778 1231 contestatus
810 1166 875 1247 est3
911 1183 984 1229 cum
1015 1165 1125 1228 autem
1157 1162 1228 1247 ipsc

214 1243 408 1314 Saturninus
431 1252 465 1314 et
487 1245 637 1316 Saufeius
659 1252 694 1316 et
715 1247 877 1317 Labienus
904 1254 1040 1337 cogente
1063 1248 1168 1316 Mario
1192 1249 1227 1317 in

214 1334 337 1402 curiam
368 1336 608 1425 confugissent,
638 1357 698 1422 per
729 1337 855 1424 equites
886 1337 1052 1406 Romanos
1084 1339 1225 1404 effractis

212 1421 338 1490 iuribus
376 1425 472 1491 occisi
508 1429 593 1491 sunt
648 1423 684 1492 (l.
715 1423 849 1492 Glaucia
885 1430 1049 1493 extractus
1080 1447 1099 1492 e
1130 1425 1227 1494 ‹lomo

159 1527 196 1580 ro
213 1509 341 1579 Olaudii
367 1512 548 1580 trucidatus
575 1516 635 1580 est
682 1512 810 1597 Furius,
836 1514 987 1581 tribunus
1010 1514 1113 1600 plebi,
1140 1514 1227 1581 bona
1240 1530 1268 1574 rs

213 1599 360 1667 omnium
382 1601 577 1686 publicanda
594 1601 745 1669 decreuit
782 1599 841 1670 On.
855 1601 1034 1686 Dolabella,
1057 1601 1226 1670 Saturnini

212 1687 324 1775 iratam
345 1711 404 1778 prr
426 1690 533 1758 iorum
554 1690 747 1759 holitorium
770 1690 910 1780 fugiens,
932 1713 1005 1759 cum
1028 1690 1065 1758 L.
1083 1689 1225 1779 Giganio

212 1777 402 1844 interiectus
432 1783 493 1845 est
541 1779 652 1866 itaque
683 1779 876 1847 lauctoribus
910 1785 1023 1847 tantae
1055 1780 1224 1848 seditionis
1238 1808 1260 1848 a
1273 1799 1316 1841 su

159 1883 193 1935 u
212 1864 328 1932 occisis
350 1866 443 1953 quies
465 1867 586 1953 populo
608 1865 680 1934 fuit.
724 1871 802 1935 tnnc
824 1865 907 1935 Cato
930 1871 1028 1953 atque
1050 1865 1225 1954 Pompeius

210 1952 416 2039 rogationem
446 1953 485 2019 de
514 1955 621 2021 reditu
650 1953 774 2021 Metelli
803 1954 967 2023 Numidici
998 1956 1101 2021 totius
1131 1955 1223 2021 urbis
1237 1973 1264 2015 su

182 2041 187 2050 '
212 2040 332 2126 gaudio
349 2041 612 2128 promulgarunt:
635 2062 718 2127 quae
735 2063 777 2108 ne
795 2043 1012 2128 perficeretur,
1035 2041 1132 2108 Marii
1149 2063 1223 2109 con·

212 2127 293 2194 sulis
311 2132 346 2194 et
362 2127 453 2196 Furii
469 2129 594 2195 tribuni
611 2129 700 2213 plebi
718 2128 915 2196 factionibus
932 2131 1145 2196 intercessum
1164 2131 1223 2195 est

157 2232 193 2285 rs
210 2211 355 2282 Rutilius
378 2236 506 2302 quoque
527 2217 579 2282 nir
600 2216 830 2303 integerrimus
852 2217 933 2284 adeo
957 2216 1032 2282 fidei
1055 2221 1152 2304 atque
1174 2216 1223 2283 in·

209 2304 381 2371 nocentiae
408 2304 592 2372 constantia
618 2326 696 2371 usus
718 2311 782 2392 est,
808 2310 846 2371 ut
866 2305 918 2371 die
941 2305 1004 2373 sibi
1027 2305 1069 2371 ab
1093 2326 1223 2372 accusa·

210 2392 339 2460 tontns
366 2392 467 2478 dieta,
493 2414 594 2479 nsque
621 2393 663 2460 ad
690 2394 908 2480 cognitionem
935 2415 1040 2482 nsque
1068 2394 1221 2482 capillum
1235 2408 1264 2453 κ

210 2480 389 2548 berbamuo
420 2480 609 2568 promiserit
638 2502 752 2568 neque
775 2482 906 2549 sordida
936 2486 1029 2549 ueste
1064 2483 1223 2550 humilius

212 2568 328 2638 habitu
356 2570 587 2658 suffisgstoros
614 2570 809 2651 conciliarit,
835 2570 985 2638 inimicos
1007 2571 1224 2659 permulserit,

212 2657 335 2726 iudices
356 2659 555 2744 temperarit,
578 2660 759 2727 orationem
781 2680 908 2746 quoque
931 2681 951 2726 a
973 2665 1123 2746 praetore
1146 2681 1222 2728 con-

212 2767 337 2815 cessam
365 2746 471 2815 nihilo
498 2746 753 2814 summissiorem
776 2769 874 2834 quam
897 2746 1041 2816 animum
1064 2747 1223 2815 habuerit

156 2852 192 2906 rs
208 2857 283 2905 cnm
301 2835 443 2904 euidenti
460 2840 703 2926 oppugnaretur
721 2835 884 2904 calumnia
901 2841 936 2903 et
952 2837 1104 2925 opinione
1121 2837 1222 2905 bono·
1235 2853 1264 2898 sc

208 2948 282 2994 rnrn
304 2926 450 2994 omnium
472 2925 543 2994 iure
571 2925 789 2995 absoluendus
815 2930 997 3014 putaretur,
1022 2926 1150 3014 peiurio
1175 2927 1223 2995 iu·

106 3077 112 3088 .
208 3015 317 3084 «licum
348 3015 581 3099 condemnatus
612 3021 671 3084 est
721 3015 777 3105 qui
808 3013 981 3102 Zmyrnam
1013 3015 1222 3104 conmigrans

207 3104 392 3172 litterarum
415 3103 533 3172 studiis
555 3104 701 3172 intentus
724 3105 902 3174 consenuit

156 3205 196 3266 ¹8
278 3189 384 3261 lAnno
407 3192 449 3261 ab
471 3193 552 3260 urbe
573 3192 705 3261 conlita
721 3208 872 3261 ncnvrnr
891 3190 962 3261 Sex.
980 3192 1064 3262 Iulio
1083 3192 1221 3261 Caesare
1234 3223 1257 3263 s
1270 3209 1311 3254 sss

208 3284 245 3349 ct
263 3279 301 3350 Ῑι.
317 3279 442 3350 Marcio
464 3280 618 3368 Philippo
641 3282 829 3349 consulibus
851 3281 1018 3348 intestinis
1040 3282 1147 3349 causis
1171 3298 1262 3350 sors

173 3369 295 3441 adelo
323 3368 445 3436 bellum
472 3373 546 3438 tota
573 3369 751 3438 commonit
776 3369 885 3439 ltalia.
928 3368 1087 3457 siquidem
1109 3368 1222 3437 Liuius

206 3455 348 3546 Drusus,
372 3457 524 3527 tribunus
553 3457 658 3546 plebi,
683 3455 819 3526 latinos
845 3477 958 3526 omnes
980 3477 1038 3544 spe
1059 3457 1222 3524 libertatis
