2744 3800
239 217 306 286 238
483 219 592 273 Pam
610 218 734 274 onosu
751 219 999 273 nrsromuuvu

239 367 304 449 eet,
329 360 407 430 dum
428 383 487 449 per
508 359 692 448 duodecim,
717 365 755 428 ut
777 361 858 446 dixi,
885 381 990 428 annos
1017 359 1146 426 clausae
1173 358 1252 426 belli

237 457 352 540 portae
375 450 565 518 beatissime
586 451 676 537 pacis
698 449 937 536 traquillitate
959 447 1166 534 cohibentur,
1187 446 1252 515 Ga·

203 541 308 697 clm
334 543 486 697 ”liii
515 561 610 694 '⁰5:²¹
637 536 954 696 lrffiltttl”'
984 537 1027 692 “l
1055 536 1251 693 litiis:

240 649 562 806 affegyptbnib‘els
581 650 796 801 Pdleescinee,
818 716 904 804 apud
917 648 1185 801 'Hiimsolymam
1209 711 1249 781 lin
1268 739 1291 780 n.
1303 735 1327 776 u

239 807 364 893 templo
382 805 446 873 Dei
462 811 541 875 tnnc
557 809 671 876 sancto
694 809 729 873 et
749 804 869 874 celebri
892 805 1027 872 adorare
1046 804 1250 890 contempsit,
1277 819 1291 861 ο

239 897 324 966 sicut
341 894 513 964 Suetonius
532 895 742 984 Tranquillus
759 895 867 962 refert.
903 893 990 982 qnod
1008 891 1176 982 Augustus
1195 892 1251 961 ubi

238 1008 298 1072 per
318 1007 393 1052 enm
410 984 565 1071 conperit
587 1006 691 1070 pruno
709 1007 787 1052 nsua
805 982 923 1051 iudicio
942 983 1118 1069 prudenter
1135 982 1251 1050 iecisse

203 1072 396 1142 slaudauit
436 1073 545 1160 itaque
568 1093 654 1140 anno
676 1071 804 1158 imperii
827 1070 978 1140 Caesaris
1002 1070 1250 1160 quadragesimo

238 1167 357 1231 octauo
385 1161 465 1229 adeo
494 1161 565 1228 dira
590 1161 758 1229 Romanos
785 1161 889 1229 fames
916 1165 1090 1228 consecute
1117 1163 1182 1246 est,
1212 1163 1250 1227 ut
1264 1177 1290 1219 ιο

237 1249 359 1318 Caesar
381 1251 575 1316 lanistarum
597 1251 740 1317 familias
762 1271 938 1338 omnesque
959 1249 1161 1336 peregrinos,
1184 1269 1249 1316 ser·

238 1360 357 1405 uorum
384 1359 511 1424 quoqne
540 1338 700 1404 maximas
730 1339 852 1424 copies,
881 1338 1024 1424 exceptis
1053 1337 1187 1404 medicis
1217 1340 1251 1402 at

236 1426 512 1513 praeceptoribus,
540 1426 628 1493 trudi
657 1426 737 1493 urbe
766 1426 974 1513 praeceperit
1019 1426 1067 1492 ita
1095 1428 1249 1511 peccante

236 1515 382 1602 principe
404 1514 440 1581 in
467 1519 614 1581 sanctum
637 1512 699 1580 Dei
725 1519 759 1582 et
785 1518 935 1600 correpto
962 1535 1020 1600 per
1046 1513 1167 1580 tamem
1193 1535 1249 1599 po-

236 1603 314 1690 pulo
335 1602 554 1690 quantitatem
576 1602 764 1670 offensionis
783 1602 924 1690 qualitas
941 1600 1076 1668 ultiouis
1095 1601 1246 1669 ostendit
1264 1615 1289 1659 ιε

201 1698 220 1752 l
237 1691 364 1777 deinde,
380 1696 418 1759 ut
436 1691 545 1760 uerbis
560 1689 689 1760 corneli
702 1691 808 1760 Taciti
826 1690 951 1781 loquer,
969 1712 1058 1758 sene
1071 1691 1249 1778 Augusto

236 1783 355 1850 lanus
385 1780 626 1867 patefactus,
655 1778 741 1848 dnm
771 1780 873 1869 apud
902 1784 1095 1849 extremos
1127 1782 1250 1847 terra·

235 1892 318 1940 rum
348 1869 536 1937 terminos
564 1890 690 1937 nones
719 1875 857 1958 gentes
887 1890 1001 1955 saepe
1031 1891 1075 1936 ex
1108 1889 1178 1934 usu
1211 1872 1250 1933 et

237 1959 450 2045 aliquando
481 1978 566 2025 cum
597 1957 735 2026 damno
767 1963 1021 2045 quaeruntur,
1052 1977 1171 2041 usque
1203 1955 1247 2022 ad

233 2045 466 2132 Vespasiani
493 2044 654 2112 durauit
678 2046 894 2131 imperinm.
938 2045 1105 2130 hucusque
1129 2041 1246 2110 Corne·
1261 2059 1289 2100 ιο

198 2135 310 2200 alim
344 2138 488 2236 ceterum
506 2136 540 2200 et
556 2137 635 2200 tnnc
653 2138 750 2219 capta
767 2154 943 2236 auersaque
960 2133 1041 2198 urbe
1058 2131 1247 2234 Hierosoly·

233 2224 480 2393 diffidi,
496 2220 1014 2412 {timiditati
1031 2222 1249 2373 sitibit

235 2396 428 2484 sanguinem
451 2395 570 2462 iudicio
592 2395 655 2462 Dei
677 2395 785 2463 luerat
806 2396 984 2480 ordinatus,
1005 2395 1113 2461 uictor
1134 2394 1247 2460 trium·

199 2485 340 2572 ’phane
370 2505 444 2551 cum
472 2481 677 2570 Vespasiano
705 2489 799 2571 patre
830 2483 946 2551 Ianum
975 2481 1101 2550 clausit
1146 2481 1248 2568 igitur
1261 2495 1287 2538 ἥ

235 2573 298 2641 atsi
311 2574 373 2641 sub
386 2573 538 2639 extremis
552 2569 700 2640 Caesaris
715 2572 916 2658 temporibus
929 2573 1062 2658 apertus
1076 2568 1248 2654 setianus,

234 2665 346 2729 umen
363 2682 423 2748 per
439 2659 544 2726 multa
560 2681 600 2727 ax
618 2680 656 2726 eo
673 2664 832 2746 tempora,
854 2659 1003 2747 quamuis
1021 2659 1057 2724 in
1078 2657 1247 2744 procinctu

183 2759 219 2814 ιο
235 2755 323 2819 esset
350 2748 524 2832 marcitae,
551 2748 644 2815 nulla
672 2747 761 2816 bella
792 2751 980 2818 sonuerunt
1029 2745 1115 2814 nude
1146 2745 1244 2813 etiam

233 2837 394 2906 Dominus
416 2837 487 2922 ipse
508 2834 599 2904 Iesus
622 2835 772 2904 cbristus
794 2839 829 2904 in
847 2836 1049 2924 Euangeliis,
1071 2856 1144 2902 cum
1166 2839 1246 2901 tem·

232 2927 367 3014 poribus
393 2925 460 2992 illia
487 2923 522 2990 in
548 2946 676 2992 summa
700 2925 939 3014 tranquillitate
961 2924 1132 2992 uniuersus
1154 2943 1245 2989 mun·
1259 2937 1287 2979 ³⁰

233 3015 294 3082 dua
321 3017 434 3100 ageret
460 3017 656 3099 cunctasque
687 3017 802 3099 gentes
829 3036 894 3100 pax
921 3035 986 3079 une
1012 3011 1138 3078 ualeret
1165 3015 1199 3078 et
1226 3033 1246 3075 e

233 3100 401 3188 discipulis
428 3097 496 3166 auis
522 3099 743 3187 interrogatus
766 3104 852 3167 esset
874 3100 915 3166 da
937 3098 1145 3167 conclusione
1166 3101 1246 3164 tenu

181 3202 351 3278 riporum
372 3187 653 3275 subsequentium,
680 3189 766 3255 inter
787 3192 895 3256 cetera
916 3187 963 3254 sic
986 3187 1045 3254 aiis
1073 3184 1245 3253 audituri

234 3285 362 3346 autem
390 3275 488 3344 estis
517 3275 668 3362 proelia
698 3280 737 3344 et
764 3277 969 3362 opiniones
998 3273 1245 3362 proeliorum.

234 3363 372 3436 luidete
393 3387 441 3433 ne
463 3365 690 3452 turbemini3
716 3369 875 3453 oportet
896 3363 996 3431 enim
1022 3363 1117 3430 baec
1139 3361 1243 3446 lieri,
1261 3386 1284 3427 e.
1298 3374 1324 3416 u

234 3454 301 3525 aad
320 3450 487 3523 nondum
509 3457 569 3521 est
590 3453 694 3521 linis.
730 3457 942 3541 consurget
964 3452 1064 3519 enim
1088 3471 1182 3539 gens
1204 3449 1244 3516 in
1258 3465 1286 3507 κ

234 3549 388 3637 gentem
416 3545 455 3612 et
482 3561 643 3633 regnum
668 3541 708 3611 in
735 3563 894 3631 regnum
920 3544 959 3611 et
984 3542 1098 3609 erunt
1122 3538 1244 3628 pesti·
