2744 3800
309 73 504 127 mvnssvn
522 72 687 128 essenos
706 74 758 126 vn
777 78 802 127 1.
821 77 845 128 s.
1022 68 1087 137 235

79 242 140 309 que
169 217 250 286 illud
278 216 533 305 praesciebatur,
561 217 614 284 cui
643 217 798 284 noluntas
828 215 1088 304 adstipularetur,

77 332 142 378 non
169 307 349 395 exspectari
377 305 523 394 oportuit
549 304 606 374 sed
635 307 750 394 ereari;
784 305 923 374 maxime
952 326 1026 373 oum
1054 309 1088 372 et

76 400 187 468 Ionem
209 397 300 464 illum
323 417 417 463 suum
440 417 574 464 aceruos
594 395 804 464 formicarum
822 397 858 464 in
875 395 1013 482 populos
1031 396 1087 463 ho·

76 488 200 556 minum
226 485 303 553 ludo
333 490 457 552 nortem
480 485 613 554 solitum
634 483 750 552 ferant.
795 506 892 570 porro
915 487 1025 551 autem
1048 482 1087 549 de
1106 495 1140 545 rr

49 593 63 636 ι
78 597 154 644 eurr
167 573 433 642 caerimoniarum
447 595 506 642 nec
520 573 752 642 recensendum
765 573 915 657 arbitror,
933 572 1087 659 quoniam

11 727 14 732 .
76 666 161 731 inter
173 685 267 730 secra
282 661 437 729 continue
455 662 701 730 incessabilibus
719 660 867 729 cladibus
885 661 995 728 nullus
1013 659 1086 727 linis

76 774 115 819 sc
127 752 219 818 nulla
236 751 363 837 requies
380 749 454 837 fuir,
471 751 536 818 nisi
554 771 626 818 cum
646 749 793 816 saluator
810 749 922 818 mundi
936 747 1087 816 Christus

76 841 205 908 inluxit:
232 840 323 906 euius
351 839 504 905 ednentni
531 836 805 925 praedestinatam
833 837 932 904 fuisse
958 836 1088 922 imperii
1203 861 1205 864 ·
1292 799 1296 886 ,³

75 927 216 995 Romani
238 947 361 1013 pacem,
384 927 445 992 etsi
464 927 530 992 iem
549 925 749 994 sufficienter
768 926 948 993 ostendisse
966 947 1018 992 me
1037 946 1086 991 ar·

38 1035 63 1075 n
75 1015 193 1099 bitror,
215 1020 325 1081 tamen
349 1013 461 1098 paucis
484 1015 588 1081 sdhuc
610 1015 762 1100 supplere
784 1013 936 1081 conabor.

140 1102 305 1187 Principio
337 1099 470 1168 secundi
501 1101 604 1168 libelli
637 1124 710 1169 oum
742 1106 890 1187 tempora
918 1087 1123 1168 Romanae²

76 1191 271 1260 conditionis
295 1189 362 1256 stili
386 1194 496 1256 tenore
519 1191 785 1278 perstringerem,
812 1190 915 1257 multa
937 1189 1087 1256 conueni-

76 1285 167 1346 enter
193 1280 279 1346 inter
301 1276 505 1363 Babylonem
534 1277 647 1346 urbem
670 1278 878 1363 Assyriorum
901 1281 978 1344 tunc
1001 1276 1087 1363 prin-

77 1369 180 1456 oipem
203 1367 350 1456 gentium
368 1371 402 1434 et
420 1366 559 1435 somam
582 1389 602 1434 a
644 1389 683 1434 ue
706 1388 791 1434 nunc
808 1366 964 1522 gentibus
986 1363 1087 1432 domi·

38 1475 63 1516 ¹⁵
75 1463 209 1525 nentem
231 1460 389 1544 conpectu
411 1457 604 1543 conscripsi:
640 1457 725 1524 uisse
747 1456 806 1523 illu
850 1456 1002 1542 primum,
1023 1453 1123 1521 boos
1212 1494 1217 1504 ·

76 1547 224 1613 ultimum
251 1545 434 1632 imperinm3
466 1545 548 1614 illud
580 1545 739 1632 paulstim
770 1543 901 1629 cedens,
932 1547 967 1611 st
998 1542 1086 1610 istud

75 1635 196 1704 sensim
219 1635 462 1724 conualescens3
488 1634 659 1702 defluxisse
685 1634 735 1702 illi
764 1633 825 1702 sub
852 1655 917 1702 uno
940 1636 1086 1719 tempore

76 1725 288 1792 nouissimum
319 1745 444 1811 regem,
476 1747 550 1792 cnm
582 1725 638 1792 isti
671 1725 812 1811 primum
844 1724 960 1808 fuisse,
995 1723 1086 1789 illam

78 1813 188 1882 deinde
215 1818 294 1882 tuno
316 1813 489 1882 inuadente
512 1811 599 1900 Cyro
623 1818 754 1900 captam
775 1811 868 1879 uelut
888 1811 924 1879 in
947 1815 1084 1879 mortem

37 1901 266 1988 ”concidisse
298 1925 371 1972 eum
400 1903 499 1970 istem
529 1901 723 1970 fiducialiter
753 1901 982 1990 adsurgentem
1011 1904 1088 1987 post

4 2007 63 2052 »⁴⁶⁴
76 1992 227 2099 expulsos
251 1991 352 2100 lrages
370 1993 483 2098 liberis
502 1993 550 2060 uu
569 1991 714 2078 coepisse
733 1991 890 2078 consiliis3
912 1991 1121 2078 praecipuos

75 2081 937 2260 illeillffilffl,tltnl'd‘ellt
955 2101 1086 2257 enti}

77 2261 252 2345 seruiebet,
287 2261 322 2326 in
355 2264 502 2327 sanctam
568 2259 739 2327 ierusalem
769 2263 901 2346 recepta
936 2257 1086 2324 libertate

37 2361 64 2404 ἥ
77 2347 208 2414 redierit
230 2349 450 2434 templumque
473 2346 620 2434 Domini,
647 2348 732 2414 siout
758 2371 778 2414 a
803 2346 973 2433 prophetis
995 2367 1086 2432 pree·

77 2434 197 2502 dictum
215 2435 331 2519 fuerat,
348 2435 541 2503 reformarit.
576 2441 744 2521 praeterea
760 2433 980 2502 intercessisse
998 2432 1122 2500 dixe-⁴

77 2545 147 2589 ram
164 2523 251 2589 inter
264 2521 483 2609 Babylonium
501 2545 647 2611 ragnum,
666 2523 753 2611 quod
770 2523 812 2590 ab
831 2523 955 2590 oriente
973 2521 1088 2602 fuerat,

77 2616 111 2677 et
127 2611 320 2696 Romanum,
343 2611 429 2699 quod
447 2614 490 2680 ab
508 2612 673 2680 occidente
691 2632 891 2700 consurgens
914 2610 1089 2678 hereditati

77 2700 211 2768 orientis
238 2701 471 2788 enutriebatur,
499 2701 743 2770 Macedonicum
766 2701 1018 2787 Africannmque
1040 2721 1090 2766 re·

39 2801 66 2845 π
78 2809 187 2944 gnum,
209 2789 271 2857 hoc
289 2795 340 2858 est
362 2791 455 2878 qussi
478 2814 499 2859 a
521 2790 656 2859 meridie
677 2812 717 2858 so
740 2789 960 2877 septentrione
983 2787 1089 2857 breui·
1133 2823 1140 2836 ·

102 2900 138 2945 us
151 2877 276 2946 uicibus
290 2885 399 2966 partes
413 2879 532 2948 tutoris
547 2879 771 2968 cumtorisqne
783 2879 935 2947 tenuisse.
952 2878 1088 2946 orientis
1107 2873 1125 2928 ⁶

77 2969 111 3032 et
137 2965 313 3034 occidentis
339 2989 477 3054 regnum
504 2968 723 3055 Babylonium
750 2971 785 3035 et
806 2967 992 3035 Romanum
1019 2967 1090 3034 iure

76 3053 228 3139 nocituri,
250 3057 415 3124 neminem
437 3077 591 3142 umquam
614 3056 780 3124 dubitasse
803 3057 884 3141 seio;
906 3053 1091 3122 Macedoni·

78 3163 152 3208 eum
177 3162 314 3230 regnum
342 3143 404 3212 sub
432 3145 653 3232 septentrione
680 3165 754 3211 cum
782 3144 855 3230 ipsa
881 3143 963 3210 caeli
991 3143 1090 3230 plaga

38 3243 65 3287 ὓ
78 3233 148 3296 tum
165 3229 342 3300 Alexandri
360 3233 475 3323 Magni
492 3255 568 3302 arae
609 3234 713 3302 osiiae
735 3253 838 3320 usque
860 3232 901 3300 ed
923 3253 1010 3300 nuno
1027 3232 1088 3299 snb

78 3317 233 3401 Ripbneis
253 3321 417 3389 montibus
430 3323 561 3408 docent,
631 3321 814 3408 rthsginem
828 3343 905 3390 uero
920 3319 1089 3410 uniuersae
1107 3332 1125 3384 a

79 3404 304 3487 praecelluisse
326 3407 458 3476 Africae
489 3415 523 3476 et
553 3431 621 3478 non
650 3410 755 3476 solum
785 3409 820 3476 in
842 3407 988 3477 Siciliam
1016 3405 1090 3503 Str·
