2702 3776
332 145 529 200 Anvnuevu
545 146 712 201 Proteos
729 147 783 200 v11
802 151 846 204 tt.
1029 145 1095 214 301
1236 201 1240 208 .

31 297 41 313 ·
81 293 242 376 pugnsret
259 292 294 356 et
309 288 468 358 Romanis
486 289 639 357 uinceret
675 291 825 378 quemuis
847 294 883 357 et
904 292 1003 358 ueteri
1020 291 1098 359 Aln-
1119 305 1156 358 u

82 398 198 444 norum
205 375 429 444 Vsudslorum
439 375 683 464 Suebornmque
695 399 788 466 neges
802 379 915 446 eodem
927 381 1099 447 nobiseum

81 464 205 550 pleoito
227 463 354 551 depeeti
376 465 484 534 forent
506 465 701 533 mandentes
723 467 914 554 imperatori
936 465 1100 536 Honorio:

81 557 124 618 tu
151 574 233 620 eum
260 554 439 622 omuibus
466 575 601 642 peeem
627 553 726 622 hebe
755 556 1002 644 omniumque
1031 556 1099 624 ob·

52 640 185 710 ssides
205 641 350 748 seeip03
372 665 442 711 nos
461 642 575 712 uobis
594 643 865 732 confligimus,
882 644 995 713 nobis
1013 667 1100 732 per·

81 731 193 820 imus,
225 731 298 801 tibr
332 732 537 819 uincimus,
569 733 782 802 immortali
810 756 902 803 uero
933 739 1099 822 quaestu

81 822 323 910 reipublicae
341 826 446 910 tneo,
464 823 497 890 ei
515 823 671 910 utrique
688 845 900 911 pereamus.
931 825 1004 912 quis
1017 823 1099 893 hren
1117 839 1156 892 ιε

81 913 238 997 erederet,
267 912 331 980 nisi
354 933 407 980 ree
429 913 583 981 dooeret?
610 913 721 1000 itaque
742 935 830 981 nune
852 913 988 983 cottidie
1010 915 1098 1002 opud

81 999 259 1090 Hispanias
286 1003 357 1092 geri
385 1003 473 1069 belle
503 1003 650 1090 gentium
680 1007 715 1070 et
742 1005 798 1092 egi
827 1007 954 1092 strsges
984 1024 1024 1071 er
1049 1004 1099 1072 sl·

42 1111 69 1154 ro
82 1095 205 1160 terutro
224 1091 438 1160 barbarorum
460 1092 581 1160 crebris
603 1091 765 1180 oertieque
786 1093 912 1161 nuntiis
933 1093 1098 1181 discimus,

80 1182 253 1269 preeoipne
266 1180 411 1249 Vellisrn
426 1181 609 1250 Gothorum
622 1201 734 1270 regem
749 1182 901 1250 insistere
918 1182 1097 1271 petrsndee

104 1271 154 1338 eei
172 1271 288 1339 ierunt
325 1293 364 1338 er
383 1293 448 1358 quo
467 1275 642 1360 utrumqne
660 1273 883 1359 eonoesserim,
905 1277 943 1339 ut
959 1271 1098 1340 lieenter
1117 1289 1156 1340 re

80 1292 271 1427 ghristiene
297 1363 445 1447 tempore
471 1359 764 1447 reprehendentur,
791 1362 819 1428 si
847 1360 968 1449 quide
989 1361 1097 1428 eondi-

26 1465 67 1510 esr
80 1448 171 1517 tione
198 1448 309 1517 mnndi
335 1471 375 1516 us
398 1471 438 1517 ue
465 1449 506 1517 ed
533 1471 620 1518 nune
647 1449 747 1518 simili
772 1449 899 1518 foetum
929 1449 1096 1518 felicitate

41 1537 244 1606 redonentur.
289 1560 322 1604 m
369 1538 581 1624 'esteuimns
603 1542 640 1605 ut
662 1539 813 1624 erbitror,
835 1544 934 1628 etque
957 1539 1155 1609 ostendi-1⁸1

82 1648 154 1694 mus
181 1649 249 1695 non
277 1627 383 1714 megin
411 1627 512 1695 uerbo
539 1649 643 1714 peene
670 1649 770 1714 quem
797 1626 902 1715 digito
924 1628 1096 1694 innumere

82 1715 170 1783 belle
193 1715 315 1803 sopite,
342 1716 500 1803 plurimos
523 1715 684 1783 extinctos
706 1719 880 1802 tyrannos,
902 1737 1095 1802 oonpresses

81 1811 315 1894 oonngustetss
334 1802 480 1872 uddietes
494 1805 740 1893 exinanitasque
753 1805 1007 1872 immanissimos
1019 1824 1096 1891 gen·

81 1896 132 1960 tes
154 1893 290 1960 minimo
313 1893 485 1980 sunguine,
499 1893 604 1961 'nullo
632 1893 810 1960 eertumine
838 1915 877 1961 se
898 1914 1002 1979 poene
1024 1893 1096 1960 sine

40 2001 68 2044 se
81 1981 187 2049 eeede.
232 1985 378 2068 superest
405 1984 443 2047 ut
469 1981 704 2050 obtrectatores
730 1985 861 2049 nostros
889 1981 1095 2048 molitionum
1117 1999 1155 2051 re

80 2091 216 2224 :tot
235 2069 1096 2245 iiiffltsstiiqiiiibiffleffli‘sii

83 2251 164 2334 gunt
185 2251 220 2314 et
241 2250 428 2334 sequentur,
450 2246 543 2315 ouius
566 2245 687 2332 omnis,
709 2251 743 2313 et
760 2267 842 2334 quse
861 2245 950 2314 mels
967 2249 1095 2334 putent,

81 2337 169 2403 bone
192 2357 263 2404 esse
286 2333 476 2404 didicerunt

42 2443 68 2486 ss
147 2423 299 2511 Explieui
326 2423 502 2492 edinnente
524 2421 657 2492 Ohristo
685 2423 860 2492 seeundum
886 2427 1094 2510 preeeeptum
1116 2442 1152 2493 re

81 2518 184 2601 tuum,
199 2513 386 2582 beatissime
395 2517 489 2600 peter
497 2512 691 2602 Augustino,
704 2513 747 2578 eb
758 2513 852 2580 initio
865 2510 979 2580 mundi
992 2533 1096 2600 usque

81 2603 116 2670 in
136 2608 341 2691 praesentem
362 2602 458 2688 diem,
482 2603 546 2670 hoo
565 2605 616 2670 est
635 2624 694 2690 per
714 2623 818 2670 nunes
838 2602 980 2689 quinque
1003 2601 1095 2668 milis

83 2699 249 2762 sesoeutos
263 2693 372 2761 decem
386 2695 519 2780 storto,
536 2690 731 2779 cupiditates
745 2695 779 2758 et
814 2691 978 2759 unitiones
990 2689 1095 2758 homi·

83 2805 163 2852 num
182 2787 399 2872 peecatorum,
423 2781 681 2850 eonfliotetiones
701 2801 776 2848 seeo
812 2781 820 2798 '
842 2784 876 2847 et
895 2779 1013 2872 iudieie
1031 2778 1095 2848 Dei

44 2891 73 2934 so
85 2895 183 2960 quem
195 2871 389 2939 breuissime
405 2873 440 2938 et
457 2892 556 2956 quern
574 2869 814 2956 simplicissime
836 2869 939 2956 potui,
961 2865 1097 2936 Christi·

84 2962 156 3030 onis
169 2965 280 3028 tumor
288 2959 492 3046 temporibus
501 2963 635 3046 propter
643 2963 847 3045 praesentem
856 2958 963 3046 megis
971 2955 1096 3026 obriso

84 3051 227 3138 gretiam
245 3048 287 3114 eb
307 3047 366 3115 ille
387 3047 622 3116 ineredulitetis
644 3046 836 3115 eonfusione
854 3046 1010 3114 diseretis
1046 3046 1096 3113 its
1113 3063 1154 3116 ro

82 3138 150 3204 ism
164 3157 226 3224 ego
244 3141 333 3204 eerto
347 3137 474 3219 etrele,
493 3157 589 3223 quem
603 3134 829 3241 eoncupisoers
841 3133 949 3222 debu,
964 3133 1096 3202 oboedi-

84 3225 192 3291 entius
211 3245 302 3290 meee
320 3223 428 3291 frootu
445 3221 550 3311 iruer3
567 3224 608 3291 ds
626 3223 782 3310 qnnhtete
801 3226 911 3290 eutem
924 3221 1096 3310 opuseulo·

43 3327 71 3371 re
83 3332 156 3376 rum
170 3315 206 3378 tu
224 3311 345 3378 uideris
364 3311 421 3398 qui
438 3312 642 3398 praecepisti,
659 3309 721 3379 tibi
738 3311 954 3381 adiudiesnde
965 3311 995 3380 si
1008 3309 1095 3398 edne,

82 3416 142 3479 per
158 3401 193 3462 te
209 3396 353 3463 iudioete
369 3398 398 3463 si
415 3398 533 3466 delees.
