2800 3790
352 126 547 180 novensvn
564 125 729 181 crassos
748 127 789 179 111
809 129 832 183 1.
1056 121 1101 190 65

89 292 159 340 cem
181 270 293 338 nauali
311 269 398 336 bello
417 269 604 337 constituat.
637 269 778 356 acceptis
795 269 897 357 igitur
915 268 1102 356 quingentis

90 359 220 447 argenti
241 357 376 426 talentis
395 354 511 426 Conon
529 379 588 446 per
607 357 832 425 Famabaanm
850 360 1004 425 euocetur
1021 357 1103 426 clas·

90 450 181 536 siquo
214 447 409 534 praeficitur.
454 447 573 535 quibus
604 447 768 535 conpertis
795 446 1041 514 Lacedaemonii
1070 451 1140 512 ets
1199 490 1202 496 ·

4 557 11 566 ·
89 537 153 626 ipsi
181 536 303 606 auxilia
329 535 456 604 naualis
486 535 563 606 belli
590 557 708 625 aroge
732 535 875 626 Aegypti
899 534 1104 624 Hercynione

61 644 149 715 spor
170 629 297 716 legatos
320 631 445 714 petunt,
470 648 491 693 a
513 649 577 715 quo
601 633 730 695 centum
754 628 931 694 iustnrctss
953 627 1104 694 triremes

89 722 124 784 st
145 721 294 784 sescenta
315 716 407 782 milia
430 716 573 783 modium
595 715 752 783 frumenti
774 719 982 801 acceperuut3
1010 736 1103 782 aso·
1243 762 1247 768 -
1300 726 1302 735 ·

88 805 148 873 ciis
180 805 280 872 etiam
312 804 454 892 undique
486 825 606 893 magna
634 809 826 872 contraxere
853 803 1007 870 subsidia
1051 803 1139 870 cuis

89 894 225 961 militiae
254 916 411 962 consensu
437 893 581 960 omnium
605 893 795 982 Agesilaum
818 893 933 960 ducem
956 892 1104 961 deumne·

49 1089 77 1133 ,ι
89 982 1104 1158 ιιιιιιιιιιιιειιιιιιιιιιι

90 1182 244 1248 umquam
263 1161 311 1228 ita
327 1181 424 1247 pares
442 1159 529 1228 omni
548 1159 708 1228 industria
725 1159 823 1227 duces
837 1159 872 1226 in
885 1180 985 1225 unum
1000 1159 1103 1227 coiere

90 1248 226 1333 bellum,
256 1249 311 1334 qui
339 1247 557 1316 acerbissimis
584 1247 723 1314 inuicem
751 1247 884 1334 proeliis
911 1247 1044 1334 fatigati
1071 1250 1105 1313 et

89 1337 192 1404 multo
215 1335 375 1425 sangnine
398 1336 493 1403 obliti
515 1336 607 1404 uelut
629 1336 745 1405 inuicti
763 1337 806 1403 ab
825 1335 983 1403 alterutro
1000 1357 1104 1403 reces-

89 1430 211 1494 serunt.
257 1424 358 1515 igitur
379 1422 495 1495 Conon
518 1431 653 1515 accepto
676 1427 793 1494 iterum
815 1447 873 1514 par
895 1445 930 1494 se
952 1425 1061 1513 ipsum
1083 1446 1103 1492 a
1123 1436 1158 1490 ιι

49 1534 77 1579 ιι
90 1515 180 1605 Rege
198 1515 320 1604 Magno
339 1517 503 1603 stipendio
520 1537 670 1585 reuersus
688 1517 730 1583 ad
747 1517 885 1585 classem
902 1515 1031 1584 inuadit
1047 1515 1104 1582 bo·

91 1605 182 1672 stiles
197 1625 305 1693 agros,
319 1611 425 1672 turres
439 1606 574 1674 castella
586 1611 756 1692 cetumque
769 1605 930 1694 praesidia
939 1609 1105 1693 expugnat

91 1698 124 1759 st
146 1693 248 1760 ueluti
271 1694 374 1760 effirsa
395 1698 573 1780 tempestas
596 1716 798 1782 quacumque
819 1693 968 1761 incubuit
990 1698 1105 1762 cuncta

90 1782 278 1866 prosternit
324 1782 573 1849 Lacedaemonii
602 1804 680 1850 nero
708 1782 894 1850 domesticis
921 1783 1017 1848 malis
1044 1781 1103 1849 oir-
1123 1795 1157 1846 ιι

89 1870 253 1936 cumuenti
281 1871 423 1937 externis
446 1871 573 1937 inhiare
596 1870 760 1938 desistunt
782 1871 989 1956 abiciuntque
1012 1891 1103 1956 spem

32 1959 76 2018 ἰι
89 1955 322 2024 dominationis
345 1958 521 2025 inminente
539 1958 682 2045 periculo
701 1959 881 2044 seruitutis;
904 1958 1104 2045 Agesilaum,

0 2063 76 2107 ,ιιι
90 2067 186 2130 quem
208 2068 282 2113 cum
305 2047 446 2112 exercitu
468 2047 504 2113 in
522 2047 638 2114 Asiam
661 2047 836 2133 mitserant,
857 2046 899 2113 ad
922 2045 1103 2113 subsidium

89 2135 216 2218 patrias
234 2139 400 2200 reuocant
431 2134 555 2202 interea
573 2134 739 2220 Pisandes,
762 2135 827 2201 dux
845 2134 931 2221 apud
950 2132 1101 2220 Spartam
1122 2149 1158 2200 ιι

88 2241 147 2305 per
161 2221 351 2309 Agesilaum
364 2241 475 2307 regem
488 2223 629 2308 relictus,
648 2225 824 2290 maximam
837 2221 1104 2289 munitissimam·

88 2330 151 2395 que
173 2314 251 2378 tuno
273 2311 410 2378 classem
433 2311 642 2398 instruxerat,
672 2316 779 2379 motus
802 2311 1017 2378 aemulatione
1039 2310 1103 2377 uir·

49 2416 76 2462 ιι
89 2399 170 2468 tntis
185 2399 343 2490 Agesilai,
359 2405 405 2489 ut,
423 2399 481 2470 illc
499 2401 681 2490 pedestrem
697 2401 936 2491 expeditionem
949 2398 1104 2491 agitante,

90 2489 160 2578 ipss
187 2513 315 2582 quoqne
342 2493 452 2560 nauali
482 2492 628 2562 discursu
652 2515 744 2562 cram
766 2493 965 2561 maritimam
988 2513 1103 2580 perus·

88 2585 231 2684 garetpr.
277 2579 393 2647 Oonon
419 2603 497 2648 uero
526 2588 677 2686 suscepto
704 2583 835 2686 negotio
853 2581 1025 2683 'duplicem
1047 2601 1101 2684 pu·
1123 2595 1157 2646 ιι

89 2687 160 2733 ram
187 2666 385 2752 mpendebat
411 2667 533 2735 debens
561 2689 658 2736 sccns
687 2668 951 2753 sollicitudinem,
978 2671 1104 2752 patrias

89 2754 199 2837 tidem,
226 2759 265 2822 ut
290 2753 367 2821 buio
389 2755 558 2822 exhiberet
579 2759 745 2842 naturam,
771 2755 838 2823 illis
847 2754 1033 2909 ,praeberet
1054 2754 1103 2820 in·

49 2840 263 2909 iudustriam:
285 2841 320 2907 in
338 2842 401 2910 hoo
419 2844 611 2930 propensior
629 2844 764 2930 ciuibus,
782 2865 846 2932 quo
887 2841 988 2930 quisti
1006 2842 1103 2909 liber·

88 2930 214 3016 totique
237 2953 348 2998 sorum
369 2931 468 2998 alieni
485 2932 653 3019 sauguinis
671 2931 843 2999 discrimen
859 2930 1054 3017 inpenderet
1070 2933 1104 2996 et

88 3025 252 3107 pugnaret
264 3019 421 3087 aduersm
434 3020 710 3089 insolentissimos
723 3021 835 3088 hostes
848 3018 993 3107 periculo
1006 3018 1104 3107 regis,

111 3107 234 3174 raemic
266 3107 401 3194 patrias.
445 3113 622 3177 conserunt
651 3110 761 3196 itaque
793 3110 909 3177 nauale
939 3113 1102 3175 certamen
1122 3121 1157 3173 ιι

88 3129 207 3264 ionas
225 3194 370 3280 Conone,
392 3193 545 3283 Spartani
563 3197 729 3282 Pisandro?
746 3198 841 3286 ducs;
864 3195 987 3265 milites
1010 3195 1103 3265 remi·

48 3303 76 3346 '⁸
88 3283 729 3466 ts0t·¹‘¹‚23d⁰st⁰‘⁰t2}tttltl
743 3285 1102 3466 'wilm
1120 3387 1156 3444 s

9 3501 10 3507 κ
35 3479 75 3524 ιω
88 3460 165 3528 belli
191 3461 294 3530 listins
316 3462 494 3533 inclinatus
517 3488 556 3533 ιι
578 3468 642 3536 boe
660 3489 787 3556 semper
804 3469 839 3537 iu
856 3473 1023 3557 posterum
1040 3466 1100 3537 Ιιι-

140 3573 245 3617 οιοιιιι
257 3583 297 3615 ιιι.
310 3575 506 3620 nausearum.
922 3578 940 3628 b
