2806 3788
335 134 531 190 annuum
549 132 714 187 eremos
731 133 774 186 m
792 134 908 188 rc-rl.
1083 128 1126 195 89

117 281 157 347 ‹le
174 278 361 347 Alexandro
384 277 566 363 uidebatur,
587 277 733 362 talesque
756 281 790 343 et
806 275 948 344 Romani
970 274 1044 341 aliia
1064 275 1127 342 uiri

29 395 52 438 a
65 384 105 427 Μ
120 367 218 454 luunt,
244 367 320 434 (lum
344 366 439 434 bellia
460 366 594 455 ignotos
616 365 806 452 quietosque
829 364 1024 450 petiuernnt
1069 363 1127 430 aed

117 457 166 525 illi
194 455 363 542 adquirere
390 474 505 542 regna,
532 453 590 521 iuti
617 456 762 521 euertere
790 452 931 520 atudent
976 455 1128 537 reparata

118 549 194 612 aunt
224 542 329 610 bootia
360 542 485 609 excidia
513 545 548 608 et
573 540 695 607 iudicia
721 541 864 608 uictoria.
909 538 1068 627 siquidem
1095 544 1130 606 et
1148 550 1182 601 ta

91 633 168 701 oilli
189 631 280 718 priua
303 651 358 698 eoa
380 628 475 697 bellia
498 629 700 713 adflixerunt,
722 650 803 732 quoa
826 632 942 714 poetae
963 626 1032 694 auia
1050 626 1129 716 legi·

118 720 179 787 bue
201 718 409 787 ordinarunt:
431 723 465 785 et
486 718 521 785 bi
543 738 630 784 nunc
651 716 816 784 boatrliter
833 717 968 784 turbant
984 736 1068 818 quaa
1085 751 1129 766 -

118 808 154 874 in
176 827 241 894 quo
263 827 331 873 non
351 805 538 892 permiserit
554 802 643 871 Deua
661 805 753 872 -ai
775 803 919 871 monita
938 803 1130 886 obbnerent,

118 895 185 963 ritu
208 915 266 962 cuc
289 915 472 980 conponere
493 892 694 978 molirentur,
716 891 842 960 dicendi
859 891 1000 978 portoria
1017 891 1130 979 magni

118 1005 227 1072 regua,
254 983 310 1071 qui
331 1004 419 1050 nnnc
439 982 535 1050 nobie
558 981 741 1049 nemaeimi
762 979 874 1048 hoatea
897 978 1131 1048 adiudicantnr.

80 1091 106 1134 ιο
118 1073 266 1161 quolibet
287 1071 368 1141 haec
391 1076 485 1160 genta
506 1072 587 1139 talia
608 1071 739 1138 nomine
761 1073 968 1156 censeantur,
994 1067 1057 1138 hoc
1080 1073 1130 1137 eat
1149 1079 1183 1131 ¹⁸

120 1162 189 1228 aiue
218 1160 368 1228 dieantur
396 1160 546 1228 miseriae
575 1159 645 1226 aiue
671 1160 824 1245 uirtutes,
852 1162 991 1246 unaque
1018 1157 1132 1244 priori·

119 1250 180 1316 bua
212 1254 391 1334 conparata
420 1249 454 1315 in
486 1247 549 1315 hcc
579 1251 727 1334 tempore
757 1247 886 1314 minora
913 1251 1004 1333 aunt,
1035 1250 1132 1332 atque

119 1338 169 1405 ita
199 1342 335 1423 uunqm
367 1356 426 1423 pro
458 1336 555 1404 nobie
585 1335 712 1402 faciunt
739 1336 775 1402 in
801 1334 1031 1421 conparatione
1058 1335 1133 1402 Ale·

117 1425 233 1494 xandri
261 1430 358 1514 atqua
384 1425 571 1495 Persarum:
597 1423 627 1492 ai
654 1425 759 1493 uirtua
785 1445 873 1492 nunc
899 1421 1046 1492 nocenda
1074 1429 1134 1511 eat,

79 1536 106 1579 u
119 1517 226 1586 minor
261 1521 314 1586 eat
346 1515 506 1604 boatium3
541 1516 570 1585 ai
607 1515 752 1604 minaria,
787 1514 894 1584 minor
929 1518 981 1584 ert
1013 1512 1133 1584 Roma·

30 1720 53 1761 a
66 1711 106 1753 m
119 1629 293 1758 ¹²0¹'lltnrlno
312 1691 354 1758 ab
372 1691 452 1760 urbe
470 1691 602 1758 condita
619 1708 729 1758 ccocn
747 1689 850 1757 Fabio
868 1688 1012 1756 Maximo
1030 1689 1132 1757 'v'De-
1150 1694 1186 1753 tt

120 1779 171 1847 cio
190 1778 282 1846 Mure
299 1781 353 1846 1’1'1l
377 1779 566 1847 consulibua
585 1783 739 1867 quattuor
755 1777 927 1845 fortaaimi
945 1777 1134 1845 llormtiaei·

120 1869 228 1956 mique
239 1866 353 1935 ltaliae
366 1868 479 1954 populi
493 1868 528 1934 in
541 1890 641 1935 rmum
656 1888 773 1955 agmen
787 1866 964 1952 foedasque
977 1865 1135 1935 coierunt.

81 1976 109 2019 ao
121 1978 263 2044 namque
283 1955 416 2024 Etrusci
432 1954 550 2023 Vmbri
569 1955 731 2024 Samnites
753 1959 788 2023 et
805 1953 893 2022 Galli
915 1975 980 2023 nno
1002 1954 1134 2042 agmine

122 2046 346 2135 conspiranter
368 2043 537 2115 Romanor
560 2045 668 2114 delere
690 2044 802 2114 conati
824 2049 911 2114 aunt
951 2044 1168 2113 tremefacti!

122 2136 185 2204 hoo
218 2134 306 2204 bello
337 2134 560 2203 Romanorum
591 2135 691 2203 animi
724 2141 759 2202 et
787 2134 988 2202 labefactata
1018 2133 1136 2202 fiducia

123 2231 187 2309 eat,
218 2247 278 2292 nec
311 2225 382 2291 auci
414 2228 491 2292 cunt
522 2227 628 2291 totum
660 2245 791 2309 aperarc
823 2222 862 2291 de
890 2223 1027 2291 uiribur:
1059 2221 1135 2292 dolo

125 2314 262 2381 diuisere
285 2314 407 2399 hoster,
429 2313 532 2381 tutiua
554 2313 619 2380 rati
641 2313 788 2400 pluribua
812 2335 847 2380 ae
867 2312 962 2381 bellic
980 2311 1136 2400 inplicare

83 2422 110 2466 aa
124 2425 223 2491 quam
249 2403 414 2490 grauibus.
457 2403 569 2489 itaque
595 2423 683 2485 cnm,
709 2401 903 2505 quibusdam
925 2399 992 2469 ania
1015 2401 1057 2468 ad
1079 2413 1170 2490 poa

123 2492 284 2582 pulaudoa
301 2491 439 2560 boatilea
540 2489 605 2559 aiu
616 2489 788 2558 Vmbriam
801 2489 1031 2580 Etruriamque
1044 2513 1135 2580 prae·

122 2582 240 2668 mincia,
261 2581 462 2650 Vmbrorum
506 2586 752 2669 truacorumque
776 2581 953 2649 exercitum
970 2580 1075 2650 redire
1094 2581 1136 2649 ad

121 2673 292 2741 tuitionem
313 2692 446 2741 cuorum
464 2671 658 2759 coegieaent,
679 2693 752 2738 cum
767 2667 967 2739 Samnitibua
985 2675 1020 2738 et
1031 2668 1136 2739 Gallia

122 2762 244 2830 bellum
267 2762 350 2830 iuire
371 2765 597 2850 properarunt
629 2759 663 2829 in
686 2783 750 2850 quo
772 2759 859 2828 bello
878 2783 952 2829 cum
965 2758 1171 2829 Gallorume

81 2870 110 2912 ao
122 2852 246 3007 {mpetu
263 2849 404 3005 {omani
421 2858 642 3007 prpmerentur
659 2850 780 3005 Dlpciua
799 2849 1060 3026 conalnocciahn:
1075 2856 1135 2919 eat

49 3005 53 3013 .
148 2962 241 3007 arua
303 2961 378 3008 men
427 2960 464 3008 oa
502 2961 534 3006 m
602 2961 657 3007 am
710 2959 842 3006 ecranae
953 2960 1008 3006 aa
1083 2961 1134 3007 em

122 3028 254 3095 tandem
276 3029 366 3098 uicit.
397 2961 813 3116 ioproellinquadnginu
829 3027 921 3095 milia
937 2960 1134 3097 Samnitium
1152 3040 1171 3091 a

122 3117 191 3183 aine
214 3115 384 3185 Gallorum
410 3138 518 3203 mera,
545 3117 767 3185 Romanorum
796 3137 873 3183 nero
896 3120 1022 3202 ceptam
1044 3116 1135 3184 milia

61 3231 66 3240 ·
122 3202 276 3272 cillenii
302 3205 529 3273 tantummodo
556 3211 648 3292 parta
676 3207 733 3293 qui
755 3203 881 3272 occiana
903 3206 955 3272 eet
976 3203 1136 3273 exstincta

32 3310 108 3362 »υτ
122 3293 313 3363 referuntur.
358 3293 457 3362 fuitne
479 3298 588 3363 autem
611 3294 735 3382 absque
759 3289 914 3362 *Etnruria
936 3299 971 3361 et
991 3292 1171 3381 Vmbriut

81 3399 108 3441 κ
143 3404 202 3450 noe
238 3386 313 3450 artu
343 3383 485 3451 Romani
516 3381 601 3453 bello
634 3388 865 3468 auocauerunt,
901 3381 1070 3450 Gallorum
1101 3388 1136 3450 et

122 3404 314 3541 lemnum
336 3473 482 3562 peditum
506 3488 576 3541 cro
599 3472 691 3542 milia
712 3487 867 3562 cccxxx,
889 3469 1035 3561 equitnm
1057 3493 1135 3542 uero
