2800 3790
337 135 533 190 auvnnsvu
551 135 716 190 rasurus
734 137 776 189 111
796 139 909 192 ra-ro.
1088 130 1131 200 87

119 277 218 366 aegri,
239 276 368 344 uiribus
392 275 472 343 lassi
488 275 620 343 difficile
638 277 802 361 uicissent,
824 282 932 343 cast-a
949 277 993 344 ob
1011 297 1132 344 memo-

118 367 202 434 riam
225 367 300 453 plus
323 364 421 434 solito
439 364 615 452 magnilica
632 364 854 434 condiderunt
889 364 973 432 exim
993 364 1167 432 Alexan-u
1301 394 1303 404 ·

119 457 176 526 der
197 454 238 525 ed
260 477 389 525 amnem
404 456 580 545 Agesinem
598 455 719 546 pergit3
742 476 801 544 per
816 456 904 524 bunc
919 454 954 524 in
967 453 1132 524 Oceanum

120 546 304 614 donabitur:
332 546 377 613 ibi
402 545 549 614 Gesonae
572 543 746 633 Siboaque,
774 567 855 633 quos
877 545 1036 614 Herculea
1057 567 1132 614 con·

29 664 52 705 o
66 651 104 694 m
119 635 215 720 didit,
237 633 411 720 oppressit
455 633 532 701 hinc
556 631 599 700 lin
620 633 775 702 Mandros
798 637 832 701 et
853 631 1018 722 Subagrae
1041 635 1133 700 naui·

90 727 191 811 agat:
213 743 296 810 qnae
343 727 434 790 cutm
458 743 532 790 eum
554 724 691 789 armetis
711 739 810 790 nxxx
833 722 963 790 milibus
986 721 1132 809 peditum

118 815 153 878 ot
179 828 228 879 nx
254 743 386 879 miliius
414 811 558 898 equitum
585 811 760 898 excipiunt.
804 811 978 880 commisso
1005 811 1166 897 proelior

118 899 174 966 diu
204 920 323 986 anceps
357 905 391 967 et
416 904 550 967 cruenta
576 921 688 986 pugna
713 898 846 966 tandem
873 900 1002 967 tristem
1029 920 1131 985 paene

117 988 290 1054 uictoriam
311 985 546 1056 Macedonibus
568 987 666 1054 dedit.
706 1009 786 1055 nam
808 987 890 1054 lueis
912 987 1055 1055 boetium
1079 1009 1133 1056 co·

79 1091 105 1133 ιο
117 1075 181 1162 piis
199 1075 384 1143 Alexander
401 1077 579 1144 exercitum
597 1075 640 1142 uel
658 1077 772 1144 urbem
791 1074 898 1163 duxit3
920 1081 1044 1143 etcum
1063 1098 1133 1143 mu·

116 1185 203 1319 rutrrruo
212 1165 340 1319 prinumi
359 1165 564 1320 ofslcertrdisset,
587 1187 725 1231 uacuam
745 1163 1167 1320 iiimifmii'nwiiie

116 1273 860 1425 iireuiiiieilissoeiitiliricile'ililinilemriiitrinosiqii
873 1275 1131 1410 eummnoniriul·

115 1427 221 1495 titudo
248 1427 406 1512 hostium,
432 1449 499 1496 non
526 1429 577 1496 uis
601 1451 723 1518 magna
744 1430 899 1514 talorum,
928 1452 996 1496 non
1018 1435 1131 1496 tantus

76 1515 344 1583 ”lacessentium
367 1517 491 1585 clamor
508 1519 670 1604 terruerit,
692 1517 784 1585 aolus
802 1521 854 1584 tot
871 1517 964 1584 milia
980 1517 1133 1585 occiderit

116 1627 154 1671 ac
176 1603 308 1693 fugarit
350 1610 386 1673 at
407 1606 464 1674 ubi
487 1628 522 1674 se
544 1605 639 1674 obrui
661 1629 682 1674 a
704 1607 900 1674 &cumfuse
921 1605 1168 1675 multitudines

114 1695 289 1781 persensit,
320 1695 406 1763 muri
438 1695 530 1765 obice
562 1696 746 1783 posteriora
775 1699 917 1782 tutatus,
949 1697 1131 1764 contrarios

115 1781 243 1850 lucilius
270 1805 309 1851 eo
336 1805 438 1872 usque
466 1785 636 1871 sustinuit,
664 1785 766 1854 donec
794 1787 835 1854 ad
857 1785 1038 1874 periculum
1061 1785 1131 1854 eius

115 1872 352 1960 memoremque
369 1873 514 1942 hostium
533 1873 704 1962 perfractis
725 1875 826 1943 muris
845 1875 1004 1944 exercitus
1023 1873 1131 1944 omnia

74 1961 324 2050 ”inrumperet
368 1963 404 2029 in
439 1985 477 2032 eo
505 1964 629 2051 proelio
656 1965 780 2052 sagitta
808 1965 868 2032 sub
894 1987 1039 2033 mamma
1066 1969 1131 2032 tra·
1151 1976 1187 2029 ro
1330 2039 1335 2048 ι

28 2051 227 2138 ominetur,
249 2051 315 2119 fixo
337 2073 424 2142 genu
448 2051 589 2121 leatenus
613 2055 783 2142 pugnauit,
806 2053 907 2122 donec
930 2077 1004 2122 eum
1027 2075 1131 2142 aquo

115 2142 305 2208 uulneratus
337 2147 423 2208 esset
455 2143 624 2209 occideret
669 2143 743 2210 indo
775 2143 960 2212 conscensis
992 2144 1131 2212 nauibus
1151 2155 1185 2208 ιι

115 2249 189 2297 cum
212 2227 334 2298 Oceani
357 2230 456 2298 litora
478 2236 677 2320 peragraret,
700 2232 742 2299 ad
765 2231 878 2301 urbem
896 2232 1060 2320 quandam
1078 2232 1132 2301 cui

115 2317 254 2385 Ambirs
284 2341 342 2387 rex
369 2324 518 2406 procurat
544 2320 701 2406 peruenit
746 2320 803 2388 sed
830 2321 865 2389 in
892 2343 976 2409 expu
1042 2321 1131 2389 tione

74 2423 102 2466 π
115 2406 260 2475 ciuitatis
291 2429 447 2496 magnam
478 2413 605 2496 partem
636 2409 795 2478 exercitus
826 2409 958 2497 sagittis
1010 2411 1131 2480 ostium

116 2516 242 2564 ueneno
265 2497 368 2565 inlitis
391 2497 509 2584 amisit,
532 2521 570 2565 ac
592 2504 669 2587 post
685 2498 787 2567 herba
805 2520 864 2585 per
882 2499 1046 2568 somnium
1067 2499 1131 2567 sibi

116 2588 246 2654 ostem
262 2590 298 2654 et
314 2586 350 2654 in
368 2591 484 2675 potum
503 2587 621 2656 saumis
639 2587 808 2656 irtacum
825 2587 959 2677 reliquis
978 2587 1132 2658 subueni-

115 2681 214 2762 retnr,
236 2676 349 2746 urbem
372 2677 577 2767 expugnauit
599 2677 750 2767 etrapit

182 2765 262 2834 Post
283 2767 378 2855 qnasi
400 2768 596 2836 urcumacta
617 2773 707 2837 meta
728 2768 768 2836 de
786 2767 915 2837 Oceano
932 2767 1051 2837 indum
1071 2769 1129 2838 flu·
1143 2775 1186 2835 tt

75 2870 103 2912 ⁸⁰
116 2853 1031 3038 asgmwfflfflbffiszrmffilfflffssffl
1051 2869 1165 3016 iiii*
1237 2871 1239 2874 Ι

117 3033 250 3122 bantur,
280 3035 343 3106 hoc
375 3042 427 3106 est
454 3034 774 3127 Oumhaginiensium
805 3039 972 3126 totiusque
997 3038 1029 3106 Δ
1062 3037 1130 3108 'cae

115 3121 299 3210 ciuitatum,
326 3126 382 3193 sad
411 3130 445 3194 et
467 3125 687 3214 Hispanorum
708 3125 878 3195 Gallorum
901 3126 1032 3195 Siciliae
1054 3125 1131 3195 Sar·

28 3235 49 3276 r.
62 3225 102 3270 m
115 3209 303 3301 diniaequc,
330 3210 499 3302 plulrimao
527 3219 695 3302 praeterea
722 3217 826 3302 partis
849 3214 972 3284 Italiae.
1014 3219 1165 3284 tantus·

74 3299 215 3368 utimur
240 3301 276 3369 in
303 3325 430 3372 summo
458 3303 583 3372 oriente
609 3303 780 3374 constituti
807 3303 898 3372 (luds
921 3304 1058 3392 populos
1080 3304 1140 3372 ul·'

115 3385 187 3454 timi
218 3391 395 3460 occidentis
427 3393 607 3480 innuerat,
649 3397 686 3461 ut
715 3391 791 3460 inde
823 3393 1026 3481 peregrinam
1056 3397 1128 3461 toto

113 3475 235 3545 mundo
250 3501 397 3548 cerneres
410 3481 620 3568 legationem,
638 3503 702 3572 qno
716 3481 773 3548 uix
785 3479 929 3550 moderes
942 3481 1128 3568 perseniae
