2744 3800
56 77 60 119 i

55 129 60 187 l

55 193 60 218 r

54 233 59 378 i

217 123 314 220 '250
494 155 603 210 rsvru
621 156 744 210 ouosu
761 155 1009 210 muromsnvu

244 302 432 386 pertulum
454 298 566 365 orbem
588 299 748 365 uberrime
772 298 985 386 germinante,
1006 297 1069 364 boc
1091 301 1260 384 tumquem

247 386 377 452 elictum
399 405 438 452 so
459 407 598 452 uscuum
619 386 765 471 nullique
790 385 862 451 usui
881 385 967 451 bono
986 384 1190 452 commodum
1210 407 1260 451 sr·

209 471 347 540 sbitrio
368 470 430 540 Dei
453 471 663 541 sulerendum
689 470 766 540 ¹init
811 471 920 559 ituqus
943 470 1052 557 litus,
1081 473 1260 558 imperetur
1276 496 1335 541 nu

54 565 57 588 ²
181 637 186 646 ¹
249 560 291 629 sb
321 562 465 629 exercitu
493 563 735 648 pronuntiatus,
769 560 928 647 templum
959 560 995 627 in
1023 559 1259 647 Hierosolymis

247 648 446 716 inconditae
464 648 573 735 diruit,
590 649 674 736 quod
693 672 714 715 e
731 649 783 716 die
800 649 997 717 conditionis
1015 650 1140 736 primus
1158 661 1286 735 usques

248 735 289 803 sd
312 737 398 806 diem
420 737 597 805 coercionis
620 738 753 804 ultimus
776 741 942 804 manserat
963 737 1059 804 cunis
1077 736 1167 804 mille
1185 758 1259 804 cen·

246 829 317 893 tum
332 831 366 894 et
378 826 513 895 duobus.
541 848 651 894 muros
668 827 758 894 urbis
776 826 947 893 uniuersos
965 826 1037 893 solo
1055 826 1260 913 adaequauit.
1321 895 1328 914 ‚

210 918 399 982 tscresnls
422 917 512 983 milis
528 914 722 982 ludaeorum
740 937 779 982 eo
797 914 883 982 bello
901 915 1072 982 interiectu
1090 913 1259 983 Cornelius

248 1006 283 1069 ct
304 1001 477 1070 Suetonius
499 1003 658 1090 relernut;
684 1003 841 1089 Iosephus
869 1023 947 1069 ncro
969 1001 1123 1088 Iudaeus,
1149 1003 1205 1090 qui
1228 1003 1259 1068 si

247 1094 327 1158 tunc
348 1091 434 1159 bello
455 1091 598 1180 prseluit
615 1096 650 1158 et
666 1091 752 1178 opud
765 1090 1002 1178 Vespasianum
1020 1097 1152 1178 propter
1170 1113 1260 1179 pree·
1274 1109 1300 1151 ιο

249 1179 371 1247 dimum
389 1181 560 1266 imperium
579 1181 711 1248 uenism
729 1180 933 1268 pretiumque
952 1185 1124 1266 metueret,
1146 1180 1261 1247 scribit

247 1269 400 1337 undecies
413 1274 550 1338 centens
562 1269 654 1338 milis
671 1270 781 1360 glsdio
800 1276 835 1336 ct
852 1269 937 1337 lume
957 1270 1088 1358 perisse,
1106 1269 1259 1358 reliquias

247 1381 327 1426 uero
345 1358 536 1440 Iudaeorum
554 1358 693 1427 diuersis
711 1363 803 1427 octus
821 1358 1064 1427 condicionibus
1086 1363 1158 1426 toto
1181 1358 1259 1426 orbe

247 1447 425 1536 disperses:
448 1471 586 1539 quorum
603 1472 757 1518 numerus
775 1448 817 1518 sd
838 1449 1019 1538 nonaginta
1041 1449 1133 1516 milis
1154 1447 1259 1517 bomi-

209 1541 327 1606 ⁸num
356 1539 457 1607 luisse
485 1545 645 1608 nsrrutur.
689 1538 909 1627 Vespesisnus
939 1543 974 1607 et
999 1538 1092 1607 Titus
1122 1539 1258 1625 impers-
1272 1555 1299 1599 ιο

246 1631 335 1731 tores
352 1628 562 1732 magnificum
638 1634 712 1696 ntes
726 1628 765 1697 de
778 1627 907 1732 Inclueis
925 1629 1128 1714 triumphurn
1145 1628 1258 1732 urbem

244 1717 745 1873 ffilsipupcnipwptrplperppu
758 1721 1115 1892 estriglibllitliibmssbbb,
1132 1721 1259 1891 cppiccp:
1276 1833 1297 1872 c
1308 1823 1336 1865 su

246 1891 431 1960 conditione
453 1892 544 1960 urbis
566 1915 667 1980 usque
689 1893 724 1960 in
753 1893 786 1960 id
813 1898 943 1979 tempus
970 1893 1036 1960 ucti
1064 1897 1169 1977 erunt,
1195 1893 1258 1960 hoc

247 1979 467 2066 spectsculum
498 1980 577 2067 init,
611 1985 738 2068 petrem
770 1988 805 2048 et
834 1981 938 2047 filium
971 2002 1035 2048 uno
1066 1979 1258 2066 triumpbsli
1271 1999 1298 2039 ω

245 2090 342 2137 curru
369 2074 482 2139 uectus
511 2069 782 2159 gloriosissimam
811 2070 853 2137 ub
882 2069 950 2157 bis,
979 2070 1034 2157 qui
1064 2069 1195 2138 Putrem
1224 2073 1259 2136 ct

210 2156 365 2227 sunium
384 2159 593 2244 offenderunt,
610 2159 781 2228 uictoriam
800 2165 992 2248 reportasse.
1029 2161 1085 2248 qui
1103 2159 1257 2228 continuo

244 2248 394 2317 omuibus
417 2249 511 2354 bellis
534 2249 785 2355 sctumullibuu
803 2249 892 2317 dorni
910 2249 1055 2336 lorisque
1074 2249 1257 2354 conpressis

243 2337 1256 2515 ltlsslffl‘s‘lolllllttifflll0ltltltssl
1269 2443 1296 2489 s

287 2523 320 2584 sl
349 2518 462 2586 urbem
496 2517 668 2586 'conditum
699 2522 903 2586 censuerunt.
951 2517 1020 2585 iure
1051 2519 1138 2584 cuim
1169 2517 1256 2584 idem
1274 2535 1333 2586 eu

268 2627 348 2674 onos
366 2607 485 2674 ultioni
504 2607 664 2695 passionis
682 2605 817 2676 Domini
834 2607 989 2693 inpensus
1007 2610 1066 2692 est,
1084 2607 1139 2694 qui
1157 2607 1257 2674 etium

193 2705 229 2759 ιο
245 2695 413 2764 nstiuiteti
443 2695 550 2764 luens
580 2696 771 2764 adtributus
820 2700 901 2763 tunc
932 2694 1047 2763 deiude
1079 2695 1149 2762 sinc
1181 2695 1256 2762 ullis

242 2781 403 2852 bellorum
425 2785 619 2852 tumultibus
642 2785 676 2852 iu
698 2785 882 2852 inmensum
904 2783 1089 2870 respume
1106 2783 1256 2851 Romans

265 2871 446 2942 rouebitur:
468 2872 627 2979 siquidem
646 2871 771 2943 Acheiu
787 2873 890 2961 laycis
906 2873 1040 2942 Rhodus
1060 2873 1256 2960 Byzantium
1269 2890 1296 2935 so

321 2985 359 3032 uu
398 2961 539 3032 'l'brscre
579 2961 694 3034 Cilicis
731 2961 951 3072 Commspsue
992 2968 1071 3034 tuno
1114 2962 1255 3052 primum

241 3053 391 3122 reductu
417 3053 458 3122 in
480 3055 664 3141 prouincias
690 3053 848 3123 Romanis
876 3053 1036 3123 iudicibus
1051 3053 1256 3143 legibusque

189 3240 223 3293 ιι
241 3147 535 3298 Wffibmm
555 3231 685 3318 imperii
705 3233 774 3299 eius
794 3253 880 3298 enno
901 3236 968 3298 tres
986 3229 1255 3334 cinitptesllypri

242 3324 350 3385 terrm
363 3322 456 3385 motu
469 3323 661 3387 corruerunt
673 3325 708 3387 et
716 3317 841 3387 Romus
854 3339 974 3406 meme
987 3317 1255 3404 pcsblentrslmt
1267 3335 1296 3379 ss

190 3415 226 3468 1¹
243 3403 466 3494 Vesperisnns
487 3411 597 3475 sutem
614 3407 650 3475 in
666 3406 747 3474 uille
765 3408 899 3494 propris
916 3407 1001 3474 ciros
1014 3404 1154 3475 Sobinos
1168 3427 1255 3473 nono

245 3515 331 3562 suno
352 3493 557 3582 principetus
579 3495 631 3562 sui
653 3495 816 3582 profluuio
838 3495 962 3562 uentris
984 3500 1036 3563 est
1055 3499 1213 3564 mortuus.
