2714 3788
181 297 314 361 erunt'
347 295 487 379 probent
513 317 593 363 sane
620 296 720 363 etiarn
747 296 844 364 inuiti
870 298 1051 385 potentiam
1074 296 1171 364 simul
1194 301 1228 364 et

215 383 420 450 elementiam
443 382 519 469 Dei,
541 384 598 471 qui
621 381 815 452 Christianis
837 385 1228 472 temporibusoffaudun·

214 473 282 538 tur:
309 476 431 560 quauta
457 472 623 540 eeleritate
650 475 817 541 tantorum
840 474 988 542 incendia
1010 472 1170 541 bellorum
1193 478 1228 540 et

56 628 60 656 ἲ
214 560 357 627 excitata
374 564 453 628 sunt
468 565 503 629 et
519 582 677 649 repressa,
698 583 770 629 oum
790 566 824 629 et
842 566 940 629 antea
956 562 1100 629 minimis
1119 562 1226 629 ausis

56 677 59 695 ·
132 697 134 702 -
214 670 352 738 magnae
380 671 419 717 ae
447 649 619 718 diuturnae
641 650 748 719 clades
771 652 974 740 agitarentur
995 656 1030 718 et
1051 673 1136 719 nuno
1159 667 1253 718 mar

55 780 58 804 .
212 739 293 806 xirni
319 739 461 846 undique
490 745 720 828 concrepantes
747 762 942 830 magnorum
973 742 1132 810 malorum
1161 740 1225 808 fra-

55 830 59 894 ξ
178 840 311 917 egores
332 829 468 896 nrimnro
489 830 622 917 negotio
646 831 835 918 sopirentur.
871 831 938 898 iarn
960 831 1046 898 enirn
1068 834 1139 898 erat
1161 829 1226 898 Ro·

54 1042 57 1054 .
213 918 1225 1078 mmmmm

52 1088 57 1244 i
176 1096 420 1252 ‘erere
440 1032 1224 1254 telleriani&lieren
1239 1117 1265 1158 ²⁰

127 1269 133 1280 '
211 1274 336 1358 perium
365 1236 505 1342 ao’rnox
533 1279 677 1341 matum
703 1208 932 1360 impeneoiem
961 1276 996 1342 in
1024 1275 1132 1342 Galba
1164 1297 1222 1362 per

211 1359 422 1428 Germanioas
444 1362 591 1448 legiones
607 1361 778 1430 Vitellium
801 1363 1011 1451 conperisset,
1033 1363 1155 1430 bellum
1178 1365 1222 1431 oi·

210 1449 279 1516 uile
301 1449 436 1518 molitus
458 1451 564 1518 tribas
591 1452 731 1537 primurn
759 1451 885 1518 leuibus
912 1451 1060 1537 proeliis,
1082 1451 1144 1520 hoo
1171 1456 1223 1519 est

209 1561 277 1606 nno
303 1540 388 1626 apud
415 1539 531 1628 Alpes,
563 1539 628 1609 alio
655 1541 741 1608 cirea
767 1541 982 1625 Placentiam,
1009 1539 1109 1609 tertio
1135 1541 1222 1608 cirea
1236 1557 1262 1602 re

209 1626 327 1714 locum,
348 1649 445 1715 quem
462 1627 615 1696 Castores
633 1634 761 1714 nonant,
783 1634 898 1697 contra
911 1629 1105 1696 Vitellianos
1124 1630 1221 1696 duces

209 1736 402 1804 congressus
420 1717 526 1784 uictor
547 1716 740 1802 exstitisset,
768 1722 884 1804 quarto
912 1717 999 1804 apud
1028 1716 1220 1785 Bedriacum

51 1851 53 1862 r
210 1805 426 1890 proeliorum
448 1805 733 1872 animaduertisset
754 1828 831 1873 suos
857 1807 957 1890 uinci,
984 1827 1093 1873 mense
1119 1805 1219 1873 tertio

51 1971 53 1979 Ι
176 1900 309 2046 r'flusm
323 1891 483 1978 imperare
495 1897 647 1980 coeperat
660 1913 731 1960 sese
748 1893 918 1961 interierit
944 1893 1097 1960 Vitellius
1114 1895 1220 1961 uictor

235 2001 347 2048 ornam
373 1981 480 2048 uenit:
510 1981 566 2048 ubi
594 2002 667 2049 cunr
690 1981 794 2049 multa
816 1981 989 2049 crudeliter
1011 2003 1050 2049 ao
1070 1983 1260 2068 nequiterso

60 2 63 30 Ι

60 36 64 91 ι

58 102 64 219 i
219 150 285 218 248
434 117 570 209 'rsvrr
588 155 711 210 orosn
728 156 978 211 maroaraavar

57 245 62 408 ἒ

50 2113 54 2127 ·
208 2071 328 2156 ageret,
349 2068 533 2137 incredibili
551 2070 651 2138 etiam
669 2071 858 2138 noraoitatia
876 2069 1024 2158 appetitu
1041 2071 1217 2138 humanam

50 2160 53 2223 Ξ
162 2230 164 2236 ,
206 2159 309 2225 uitem
337 2159 465 2245 probris
495 2157 712 2246 adgraluaret,
742 2164 915 2247 postquam
945 2160 984 2226 de
1013 2158 1218 2245 Vespasiano
1235 2188 1257 2228 r.
1271 2183 1308 2226 are

207 2248 373 2334 comperit,
394 2248 537 2335 primum
559 2247 598 2314 tle
641 2269 717 2315 nera
740 2249 872 2317 molitus
895 2247 1076 2334 imperium,
1097 2251 1174 2334 post
1198 2270 1218 2314 a

206 2336 401 2422 quibusdam
415 2336 576 2404 animatus
635 2337 748 2404 binum
761 2337 956 2425 Vespasiani
969 2336 1113 2422 fratrem,
1132 2335 1217 2404 nibil

206 2428 277 2491 tum
299 2425 378 2492 rnali
400 2425 628 2512 suspirantem,
650 2447 725 2493 oum
747 2427 864 2493 oeteris
883 2425 1050 2493 Flauianis
1067 2425 1102 2492 in
1121 2423 1216 2513 capi-
1229 2443 1257 2488 re

205 2513 324 2582 toliurn
350 2514 508 2603 compulit
534 2535 753 2603 meoensoque
779 2514 902 2604 templo
931 2518 966 2582 et
991 2513 1095 2582 mixta
1117 2512 1215 2581 simul

49 2641 52 2653 ·
205 2602 337 2670 flamma
358 2603 517 2691 ruinaque
540 2626 653 2672 ornnes
676 2603 712 2672 in
730 2627 830 2672 uuum
848 2604 972 2692 pariter
988 2605 1157 2672 interitum
1177 2625 1215 2672 ao

168 2693 367 2761 stumulurn
389 2692 495 2760 dedit·
529 2697 612 2779 post·
628 2692 796 2762 deficiente
817 2695 853 2760 in
876 2692 1071 2780 Vespasiani
1095 2715 1216 2761 nomen

48 2773 52 2851 ξ
205 2781 347 2849 exercitu
364 2801 424 2849 sno
446 2781 621 2848 datitutus
645 2780 1045 2870 adpropinquantibusqne
1067 2783 1134 2849 ianr
1156 2782 1214 2849 ho-

206 2870 311 2936 stibus
328 2868 474 2956 trepidua
491 2891 565 2937 ourn
583 2891 619 2936 se
641 2869 677 2937 in
700 2871 863 2956 quandam
886 2871 1067 2957 proximam
1087 2871 1214 2938 Palatio
1228 2890 1256 2932 so

204 2959 354 3026 oellularn
378 2959 602 3044 contrusisset,
624 2958 812 3044 turpissime
834 2957 909 3025 inde
931 2962 1118 3046 protractus
1141 2980 1214 3026 oum

203 3067 264 3132 per
285 3047 373 3114 niam
395 3045 528 3114 Sacram
550 3047 656 3113 nudus
679 3046 862 3132 duraretur,
889 3046 1010 3136 passim
1037 3047 1151 3114 limum
1178 3047 1214 3114 in

204 3155 242 3202 os
258 3134 328 3201 eins
346 3135 603 3202 coniectantibus
619 3133 655 3201 in
671 3133 780 3202 forum
798 3134 962 3219 deductus,
980 3138 1097 3202 ootauo
1115 3156 1214 3221 quam

203 3226 636 3378 :ammi
653 3221 775 3378 belz
791 3221 1083 3396 sllubllll
1104 3222 1213 3377 322⁸.
1226 3253 1254 3374 l

50 3430 53 3487 ς
202 3399 352 3468 nillostu
372 3405 469 3488 etque
489 3398 566 3466 inde
587 3420 671 3468 aneo
692 3402 818 3468 treotus
840 3403 875 3468 et
895 3398 931 3467 in
954 3397 1108 3466 'liberine
1131 3418 1212 3466 mer·
1230 3429 1251 3471 a
1266 3417 1303 3462 su

50 3537 54 3590 2
169 3499 260 3555 rsus
288 3487 388 3576 etiarn
415 3489 580 3557 oomrnuni
608 3488 715 3556 oareit
742 3489 924 3575 sepulum
964 3488 1075 3556 multis
1104 3491 1213 3555 autem
