2806 3788
355 135 551 190 mvnnevu
568 135 734 190 eremos
751 136 793 188 ιιι
813 138 949 225 re-ro
1106 129 1148 198 8‘1

137 277 236 366 eegri,
257 277 386 345 uiribua
409 276 489 344 larci
507 275 638 343 difficile
656 275 820 361 uiciarenl,
842 281 950 342 curua
967 275 1010 342 ob
1028 296 1149 342 memo·

136 367 219 436 riam
242 367 317 454 plur
341 366 439 433 colito
458 365 632 452 magnifica
649 363 871 433 condiderunt
907 363 992 430 exim
1010 363 1149 431 Alexan·
1167 373 1184 426 e

136 457 193 527 der
215 457 256 526 ad
278 478 407 526 amnem
422 455 597 545 Agerinem
638 456 737 546 ergit3
760 475 818 543 per
835 454 921 523 hunc
937 453 972 522 in
986 451 1150 524 Oceanum

138 547 322 615 deuehiturr
350 546 396 613 ibi
420 545 567 614 Gesonae
590 479 764 632 Sitoaque,
791 567 872 633 quor
894 544 1052 612 Herculeo
1075 565 1149 612 con·

47 664 70 705 r
84 651 122 695 ¹⁰¹
137 634 233 722 didit,
255 635 429 721 oppressit.
473 635 551 701 hino
574 631 618 700 'io
639 633 793 700 Mandros
816 637 850 700 et
871 631 1036 720 Subagrae
1059 633 1151 699 naui·

108 727 209 812 egat:
232 744 314 809 queo
337 727 452 877 genter
475 743 549 790 eum
572 723 708 789 armetie
729 739 828 788 nxxx
851 721 981 788 milibus
1003 719 1150 808 peditum

136 815 171 878 et
198 829 246 879 nx
272 811 341 878 mili
365 833 404 878 ua
431 811 577 898 equitum
603 809 778 898 excipiunt
822 809 996 878 oommiaao
1023 809 1184 897 proelio?

136 900 192 967 diu
222 921 341 986 anoepa
375 905 409 966 et
435 903 568 967 cruenta
594 920 705 986 pugna
731 899 864 966 tandem
891 899 1020 966 tristem
1047 919 1149 985 paene

136 989 308 1056 uictoriam
329 986 564 1056 Macedonibus
587 987 684 1054 dedit.
725 1009 804 1054 nam
826 986 908 1053 iuria
930 987 1074 1054 boetium
1097 1007 1151 1054 co·

97 1092 123 1134 ¹⁰
135 1076 200 1162 piia
218 1075 403 1143 Alexander
419 1077 597 1144 exercitum
616 1075 658 1142 ed
677 1075 791 1142 urbem
809 1072 916 1162 duxit3
937 1079 1062 1143 etcum
1081 1096 1151 1141 mu·

135 1163 1185 1341 ltllltrtlltslslfflttllitat:0

135 1340 432 1426 circumdedissent,
452 1341 642 1409 incredibile
661 1342 750 1409 dictu
769 1347 819 1408 eet
836 1344 874 1407 ut
891 1363 965 1408 eum
983 1362 1049 1408 non
1067 1339 1149 1407 mul-

134 1428 239 1496 titudo
267 1429 425 1514 boatium,
451 1450 518 1496 non
545 1429 596 1496 uia
619 1451 742 1518 magna
763 1429 918 1513 telorum,
947 1451 1014 1496 non
1037 1434 1149 1495 tantur

95 1516 363 1584 remanentium
386 1518 510 1585 clamor
527 1519 688 1603 terruerit,
711 1517 803 1585 uolua
821 1520 873 1584 tot
889 1517 982 1584 milia
998 1515 1151 1584 ceciderit

134 1627 173 1672 ao
195 1605 327 1694 fugarit
368 1610 405 1673 at
426 1607 483 1675 ubi
505 1628 540 1674 re
563 1606 658 1674 obrui
681 1629 701 1674 a
723 1605 918 1674 circumiere
940 1605 1187 1674 multitudiner

133 1696 308 1781 percensit,
339 1695 425 1763 muri
457 1695 549 1765 obice
581 1696 765 1783 posteriora
793 1699 936 1783 tutatur,
968 1695 1150 1764 contrarios

134 1783 261 1851 facilior
289 1806 327 1852 eo
355 1806 457 1872 unque
484 1785 655 1873 austinuit,
683 1785 784 1854 donec
812 1785 853 1853 ad
876 1784 1056 1872 periculum
1078 1784 1149 1853 eiua

134 1873 371 1960 clamoremque
388 1875 534 1943 hortium
551 1874 722 1962 perfractio
744 1874 845 1943 murir
863 1875 1023 1944 exercituo
1041 1872 1150 1943 omnic

93 1962 343 2051 ”inrumperet
387 1963 423 2030 in
457 1986 496 2032 eo
524 1964 647 2050 proelio
675 1964 799 2053 sagitta
826 1963 887 2032 rub
914 1985 1058 2032 mumma
1085 1967 1150 2032 trc-
1170 1976 1207 2029 ro
1321 2024 1324 2033 .
1357 1977 1358 1986 ¹

45 2077 67 2119 r.
82 2067 121 2112 m
135 2051 246 2140 ieotur,
268 2053 333 2120 lixo
356 2073 443 2142 genu
467 2053 608 2122 'eatenus
631 2055 802 2142 pugnauit,
825 2053 926 2122 donec
949 2076 1023 2121 enm
1045 2075 1150 2140 aquo

133 2141 324 2208 uulneratur
356 2146 443 2209 eeaet
473 2143 643 2210 occideret
688 2142 762 2210 inde
794 2143 979 2211 oonecenair
1010 2143 1150 2210 nanibna
1170 2155 1205 2207 ιι

134 2250 209 2298 oum
231 2229 354 2298 Oceani
376 2231 476 2299 litora
498 2235 696 2320 peragraret,
719 2231 760 2299 ad
784 2231 897 2300 urbem
915 2231 1079 2319 quandam
1097 2231 1151 2300 oui

135 2319 274 2387 Ambira
303 2341 361 2387 rex
387 2324 538 2406 praeerat
563 2321 720 2408 peruenit
765 2321 823 2389 aed
849 2321 884 2388 in
911 2343 995 2408 expe
1061 2320 1150 2388 tione

93 2425 121 2468 re
135 2408 280 2476 oiuitetie
311 2429 465 2497 magnam
496 2415 624 2496 partem
655 2409 814 2479 exercitur
845 2409 977 2498 ragittir
1029 2410 1150 2479 ortium

136 2518 261 2565 ueneno
284 2497 388 2565 inlitia
410 2498 528 2584 amirit,
551 2521 589 2567 ac
611 2504 688 2586 port
705 2499 807 2566 herbe
824 2520 883 2586 per
902 2499 1066 2567 somnium
1086 2499 1150 2567 eibi

135 2591 265 2655 ortonae
282 2590 317 2655 et
334 2586 370 2655 in
388 2592 503 2676 potum
522 2589 640 2657 eauoiie
658 2587 736 2656 date
752 2609 827 2660 oum
845 2587 979 2677 reliquia
998 2587 1151 2656 subueni-

135 2682 234 2765 retur,
256 2677 369 2747 urbem
391 2678 596 2768 expugnauit
618 2682 653 2747 et
675 2677 770 2767 cepit.

201 2767 282 2834 Poet
304 2769 398 2855 quari
420 2770 616 2838 circumacta
638 2773 727 2838 meta
748 2769 788 2836 de
806 2766 935 2839 Oceano
952 2767 1070 2836 Indum
1091 2768 1148 2836 flu·
1163 2773 1206 2834 2⁰

95 2870 211 2923 ”men
236 2856 414 2945 ingreaeQ
443 2855 651 2946 Babylonam
675 2857 823 2926 celeriter
845 2857 950 2928 rediit.
994 2857 1051 2926 ubi
1073 2869 1185 2927 eamr

135 2947 361 3016 exterritarum
384 2948 486 3017 terim
511 2949 599 3016 orbie
622 2948 863 3038 prouinciarum
885 2948 987 3037 legcti
1004 2970 1048 3035 op
1071 2949 1149 3016 erie-
1210 3013 1213 3020 ,
1357 2911 1358 2952 ³

136 3036 270 3124 bantur,
300 3037 363 3107 hoc
395 3044 447 3106 ert
474 3035 794 3128 Carthaginienrium
826 3039 1048 3126 totinrqued
1082 3038 1149 3106 'cae

136 3124 320 3212 ciuitatum,
346 3127 402 3195 red
430 3133 465 3194 et
486 3127 705 3214 Hispanorum
729 3125 898 3196 Gallorum
920 3125 1052 3195 Siciliae
1074 3125 1149 3195 Sar·

46 3235 69 3277 r·
83 3227 122 3270 ιιι
135 3210 323 3302 diniaeque,
351 3211 520 3302 plulrimoe
547 3221 715 3301 praeterea
741 3218 846 3302 portia
868 3215 992 3284 ltcliue
1034 3218 1190 3283 tunturc

94 3300 234 3370 “timor
260 3302 297 3370 in
323 3326 450 3373 enmmo
478 3305 603 3372 oriente
629 3304 801 3374 constituti
827 3303 918 3372 ducir
941 3303 1078 3392 populor
1099 3303 1161 3370 ul·‘

135 3385 207 3457 timi
238 3391 416 3461 occidentia
447 3393 627 3479 inuenerat,
668 3399 705 3460 ut
735 3392 811 3460 inde
843 3393 1047 3481 peregrinam
1077 3394 1148 3461 toto

134 3477 255 3545 mundo
271 3500 418 3549 camerae
431 3479 640 3568 legationem,
658 3502 722 3569 quo
736 3481 792 3548 nix
805 3480 949 3549 crederer
962 3479 1150 3570 perueniare

1284 34 1356 75 l.

1295 79 1298 92 i
