2702 3776
24 77 139 90 m
185 78 202 89 ι
360 75 691 90 ᾐ--μι-

338 253 536 308 aovnasvu
553 253 718 309 eremos
736 255 790 307 vn
807 257 852 310 ιι.
870 259 914 311 ιι.
1057 251 1124 320 283

0 463 4 484 ,
113 397 271 468 Gratiano
302 396 433 466 uiuente
463 401 643 488 repauset
687 395 797 486 itaque
826 397 921 466 inetie
949 399 1159 468 necessari-t
1271 453 1272 456 ,

0 487 6 572 l
111 489 203 578 isque
225 487 332 556 musis
354 487 395 556 ad
418 488 540 556 bellum
559 487 655 557 ciuile
672 491 847 576 permotus,
868 509 943 556 cum
961 511 978 557 e
997 488 1123 557 dnobus

0 583 6 694 l
112 578 273 683 Augustis
290 576 449 683 iratribns
467 581 502 683 et
518 577 676 682 ultionem
693 577 790 683 nnius
807 577 971 682 inteffecti
989 579 1123 684 sangnis

0 701 6 828 l
69 671 772 844 ,znt‘ttltl‘ttrnrtlt
793 667 937 844 lton
961 667 1122 826 tttt

0 841 5 922 l
108 845 287 914 Maximum
315 849 492 932 tyrannum
522 844 593 913 sola
621 846 685 912 lide
714 845 820 913 maior
846 878 890 894 -·
917 867 994 912 nem
1024 847 1123 934 longe

0 927 4 1024 l
109 935 216 1002 minor
238 933 391 1001 uniuersa
413 937 590 1021 apparatas
614 933 721 1000 bellici
738 933 969 1020 conparatione
989 969 1029 984 -
1048 955 1121 1021 pro·

108 1021 218 1110 ripnit
240 1021 410 1109 Aquileiae
424 1025 501 1088 tunc
515 1021 677 1089 Maximus
691 1020 850 1089 uictoriae
864 1043 941 1089 suae
954 1026 1121 1109 spectator
1138 1035 1156 1090 Ι

107 1110 278 1179 manderet
314 1109 559 1198 Andragathius
577 1131 686 1178 comes
704 1110 775 1178 eins
792 1132 953 1178 summam
972 1111 1050 1178 belli
1068 1111 1122 1178 ed-

70 1217 95 1261 ιι
109 1200 330 1269 ministrabat:
348 1199 404 1287 qni
422 1221 495 1305 cum
514 1199 709 1305 largissimis
721 1199 868 1306 'militum
887 1199 990 1288 copiis
1003 1201 1121 1288 ipsam·

108 1289 806 1463 rltlttffltzltllffllttt
819 1291 1122 1444 immi}

109 1467 355 1551 communisset,
383 1465 540 1532 ineffabili
569 1465 687 1533 indicio
718 1464 792 1550 Dei,
821 1466 899 1533 (lum
928 1466 1039 1534 nauali
1068 1488 1122 1532 ex·

108 1555 273 1642 peditione
286 1553 453 1621 incautum
465 1552 595 1620 hostem
609 1554 800 1639 praeuenire
813 1553 998 1621 et‘obruere
1016 1557 1121 1640 parat,
1218 1605 1224 1616 .

70 1658 96 1704 ιι
110 1648 227 1730 sponte
250 1642 363 1711 eadem
386 1663 468 1731 quae
491 1641 699 1709 obstruxerat
720 1641 865 1710 claustra
887 1641 1036 1710 desernit
1073 1641 1159 1708 itan

108 1731 311 1800 Theodosius
322 1731 453 1798 nemine
471 1730 641 1818 sentiente,
659 1735 776 1799 utnon
790 1730 896 1799 dicam
909 1734 1122 1818 repugnante,

109 1843 230 1888 uacuas
256 1819 440 1909 transmisit
468 1819 566 1904 Alpes
594 1823 693 1906 atque
721 1819 907 1906 Aquileiam
934 1819 1120 1906 inprouisus

26 1925 92 1978 ιιιι
110 1908 295 1976 adlueniens
321 1908 453 1974 hostem
475 1905 568 1972 illum
591 1927 759 1994 magnum,
786 1906 974 1992 Maximum,
996 1911 1121 1974 trucem

108 2001 142 2063 et
164 1997 206 2063 ab
229 1993 463 2062 inmanissimis
483 2014 613 2080 quoqne
631 1993 866 2062 Germanorum
889 1993 1042 2082 gentibue
1064 1994 1121 2059 tri·

67 2102 95 2145 ιι
108 2085 189 2150 buta
220 2105 258 2151 ao
289 2082 451 2169 stipendia
487 2081 558 2149 solo
594 2085 718 2149 terrore
754 2081 898 2148 neminie
930 2081 1122 2169 exigentem,

108 2172 179 2239 sine
209 2171 284 2238 dolo
314 2174 349 2236 et
378 2171 448 2237 eine
478 2169 699 2237 controuersia
729 2170 849 2238 clausit
877 2169 965 2256 cepit
994 2167 1122 2237 occidit

108 2258 358 2327 Valentinianus
394 2262 526 2344 recepto
562 2256 677 2326 Italico
717 2259 841 2344 potitus
881 2256 1021 2344 imperio
1063 2261 1161 2326 esto

107 2346 353 2434 Andragatlnius
376 2366 486 2413 comes
508 2347 642 2432 cognita
657 2344 793 2413 Maximi
811 2367 888 2414 nece
910 2344 1123 2433 praecipitem

108 2457 178 2503 sese
192 2456 210 2502 e
224 2434 302 2501 naui
314 2434 351 2500 in
364 2433 468 2501 undas
482 2432 572 2501 dedit
585 2456 624 2501 ac
637 2433 814 2501 suffocatus
829 2439 888 2501 est.
921 2432 1122 2501 Theodosius

68 2542 95 2586 re
107 2524 309 2591 incruentam
330 2522 503 2590 uictoriam
526 2521 596 2589 Deo
620 2527 814 2609 procurante
836 2521 987 2609 suscepit

0 2668 3 2676 ,
174 2611 265 2680 ltcce·
289 2610 421 2699 regibus
454 2615 487 2678 et
518 2611 720 2697 temporibus
752 2609 947 2678 Christianis
979 2610 1159 2698 qualitere

0 2717 1 2720 ’
108 2702 197 2769 bella
223 2700 347 2787 ciuilia,
373 2720 447 2767 cum
476 2698 575 2766 interi
597 2703 773 2786 noqueunt,
800 2699 1034 2787 transiguntur.
1079 2697 1121 2764 ad

108 2789 279 2857 uictoriam
299 2792 491 2875 peruentum
509 2791 569 2872 est,
591 2787 723 2874 inrupta
739 2792 791 2854 est
808 2787 933 2870 ciuitm,
955 2791 1140 2873 correptus.

109 2883 279 2965 tyrannus.
323 2881 356 2944 et
382 2875 445 2944 hoc
471 2896 588 2962 parum
610 2879 670 2945 eet
715 2879 904 2962 nocopante
927 2874 994 2942 alia
1014 2875 1121 2944 uictus

5 3019 11 3048 ,
70 2986 98 3032 ιι
110 2965 242 3036 hostilis
256 2965 415 3033 exercitus
429 2967 527 3052 atque
541 2965 615 3051 ipso
629 2969 771 3050 tyranno
784 2964 1001 3032 truculentior
1014 2985 1121 3032 comes

6 3083 11 3150 ξ
108 3055 244 3146 tyranni
257 3054 299 3124 ad
313 3058 451 3124 mortem
465 3057 607 3141 coactus,
623 3056 737 3122 tantae
755 3050 933 3122 dissolutae
951 3053 1020 3121 elne
1083 3073 1123 3121 ne

5 3155 11 3230 ἓ
109 3146 257 3233 insidiae,
269 3145 355 3214 tanti
369 3148 546 3232 apparatus
559 3142 719 3212 exinaniti
732 3148 825 3213 snut:
842 3148 1002 3212 ettamen
1015 3165 1038 3211 n
1085 3165 1124 3212 us
1144 3169 1160 3224 ι

111 3236 204 3304 dolos
227 3235 356 3323 struxit,
378 3234 488 3301 nullus
509 3233 612 3302 eciem
630 3231 801 3339 disposuit,
823 3238 989 3320 postremo
1006 3231 1126 3318 nullus,

5 3319 12 3404 ζ
112 3323 141 3388 si
169 3322 234 3388 ‹lici
259 3323 351 3406 licet,
378 3321 523 3408 gladium
550 3322 591 3389 de
619 3341 741 3426 uagina
767 3322 894 3390 extulit
937 3319 1127 3388 formidulo-

73 3423 101 3466 ιι
114 3408 278 3472 sisaimum
308 3407 431 3473 bellum
460 3407 531 3474 sine
561 3429 719 3494 sauguine
748 3431 850 3496 usque
882 3409 925 3478 ad
953 3409 1127 3478 uictoriam

12 3563 15 3570 ‚
114 3495 148 3557 et
171 3493 206 3557 in
235 3492 373 3559 uictoria
401 3491 538 3560 duorum
566 3500 670 3560 morte
697 3495 879 3564 conlectum
908 3502 966 3566 eet
1010 3501 1057 3581 ct,
1084 3517 1127 3565 ne
1148 3507 1175 3561 8

12 3597 17 3682 ἐ
114 3575 178 3641 lnoc
200 3577 373 3661 qnisquam
396 3597 474 3644 casu
494 3578 619 3646 iactum
641 3585 743 3670 putet,
765 3605 830 3670 qno
852 3585 958 3674 magis
976 3585 1127 3672 potentia
