2744 3800
340 129 537 183 novellavit
554 129 719 186 PAGANOS
736 133 790 185 Vll
808 136 833 187 t.
853 137 878 190 7.
934 125 936 130 ’
1039 129 1106 198 245
1122 180 1135 196 .
1254 132 1270 164 ²¹

93 275 242 358 suerunt3
264 271 321 340 sed
339 269 596 342 Ohnstisuorum
619 273 867 343 necessitutibus
885 273 972 364 spud
988 274 1104 346 Hiero·

93 363 253 451 solymam
293 361 459 432 conuectis
497 362 540 432 eb
576 363 729 455 Aegypto
765 365 938 435 frumentis
978 364 1103 437 Helene

93 453 336 522 Adiabenorum
354 454 469 543 regine
491 475 648 524 conuerso
670 455 711 523 sd
734 455 831 524 iidem
849 455 973 525 Christi
989 458 1105 548 lurgis·

92 543 173 613 sime
195 543 406 612 ministrsuit.

65 651 79 696 e
158 633 257 699 Anno
279 631 407 719 imperii
430 634 499 700 eius
522 633 636 787 Ἆιιίιιιο
658 635 744 701 iuter
765 634 904 702 Thersm
927 641 962 702 st
983 635 1102 703 There·
1123 644 1158 696 ¹⁸
1259 659 1267 702 ι

92 721 174 788 siem
200 719 308 788 meula
334 719 374 787 de
403 719 565 809 profuso
594 722 726 789 emicuit
754 723 893 810 triginta
921 723 1103 792 studiorum

92 809 198 896 spatio
220 813 361 877 exiente
448 878 451 886 ,

158 899 255 967 Anno
282 899 351 965 eius
379 897 519 984 septimo
548 899 609 966 sub
640 905 849 985 procuratore
876 899 1014 968 Iudsese
1040 897 1103 968 (lu-
1124 913 1158 963 ιι
1265 936 1277 954 .·

91 1007 188 1054 meno
211 985 245 1053 in
267 985 504 1074 Hierosolymis
532 991 624 1054 unu
646 988 761 1055 seditio
784 989 820 1055 in
841 987 954 1056 diebus
977 1009 1103 1076 seyme·

52 1092 78 1136 ιο
90 1096 163 1142 rum
180 1077 295 1142 exorte
313 1079 372 1159 est,
393 1075 487 1142 utin
510 1080 678 1162 porterum
700 1077 789 1144 exitu
811 1077 933 1164 populo
955 1081 1102 1144 coutstc

90 1164 228 1252 triginta
254 1163 346 1231 milis
367 1162 561 1232 ludaeorum
589 1163 685 1232 ceede
707 1169 872 1254 prostrate
894 1169 929 1233 et
949 1187 1103 1253 coupres·

91 1253 180 1320 sione
203 1253 361 1319 suffocatu
382 1252 574 1319 referuntur.

156 1341 253 1407 Auno
280 1339 423 1407 eiusdem
450 1362 538 1406 nouo
565 1341 716 1427 expulsos
743 1362 802 1428 per
823 1338 996 1409 Claudium
1021 1342 1102 1410 urbe
1122 1353 1157 1404 lt
1288 1333 1290 1344 '

89 1425 225 1494 Iudsecs
245 1426 404 1513 Iosephus
426 1426 535 1494 refert
572 1427 628 1496 sed
647 1449 699 1494 me
716 1451 749 1495 m
796 1429 822 1494 's
840 1426 1014 1496 Suetonius
1032 1450 1102 1496 mo·

51 1520 159 1602 nuet,
186 1515 240 1602 qui
268 1515 406 1584 sithoc
427 1515 537 1584 modo:
567 1515 752 1585 Olsudius
802 1517 945 1586 udueos
975 1516 1101 1604 inpul-

89 1626 176 1672 sore
203 1603 364 1673 Christo
391 1603 551 1672 adsidue
577 1606 863 1674 tumultuantes
891 1604 1012 1674 Rome
1040 1628 1102 1674 ex·

88 1693 202 1846 ῗιιιίις
238 1693 340 1780 quod,
376 1699 484 1760 utrum
516 1697 632 1761 contre
664 1692 831 1762 Christum
862 1695 1100 1763 tumultuantes
1120 1706 1154 1757 ss

106 1780 225 1850 udneos
239 1782 403 1851 coherceri
418 1786 451 1850 et
464 1783 623 1868 conprimi
637 1783 777 1869 iusserit,
791 1804 834 1849 ιιι
847 1782 947 1850 etiem
962 1780 1100 1851 Christi·

88 1893 168 1939 unos
192 1871 289 1940 simul
312 1872 404 1940 uelut
424 1876 583 1961 cognatae
600 1871 770 1962 religionis
789 1872 938 1941 homines
956 1873 1097 1942 uoluerit

49 1977 76 2020 ¹⁰
88 1961 219 2048 expelli,
240 1983 446 2050 uequsqusm
468 1961 670 2030 discernitur.

154 2049 386 2118 Verumtamen
418 2051 567 2138 sequenti
598 2072 685 2119 euno
716 2055 811 2119 ιιιιιιι
842 2051 945 2119 lomes
975 2050 1098 2120 Romus
1119 2063 1152 2116 ιι

11 2155 75 2208 nen
88 2138 160 2227 luit,
181 2144 219 2209 ut
235 2140 342 2209 medio
365 2140 437 2210 loro
455 2141 634 2230 imperetor
651 2144 818 2230 correptus
837 2163 857 2210 e
874 2141 998 2230 populu
1017 2139 1098 2212 lcon-

88 2229 180 2299 uieiis
197 2231 265 2298 etl
358 2232 464 2300 ‘uibus
482 2231 577 2318 punis
594 2232 781 2319 turpissime
799 2233 980 2319 infestatus,
1003 2255 1099 2322 segre

88 2340 146 2407 per
171 2320 310 2407 pseudot
332 2343 426 2407 yrum
453 2320 487 2386 in
509 2318 671 2388 Pulstium
696 2321 860 2409 refugiens
882 2321 1024 2390 furorem
1047 2343 1099 2391 ex·

47 2425 75 2469 ἥ
88 2408 207 2477 citetue
228 2408 334 2497 plebis
356 2411 505 2478 eueserit

154 2496 260 2566 Peruo
274 2503 383 2567 sutem
397 2498 616 2567 intercedente
634 2502 779 2586 tempore
798 2499 936 2589 triginta
953 2503 987 2566 et
1003 2499 1097 2588 quiu-
1116 2510 1151 2564 ιο
1283 2483 1287 2490 ’

89 2607 150 2673 que
186 2591 352 2656 seustores
384 2593 419 2657 et
448 2591 612 2656 trecentos
644 2588 742 2656 simul
774 2588 899 2676 equites
930 2587 1097 2657 Romanos

88 2676 228 2745 minimis
246 2677 352 2747 censis
371 2676 549 2764 interfecit3
567 2677 637 2765 ipse
656 2683 764 2746 eutem
783 2677 963 2746 manifestis
981 2678 1098 2747 ueneni

88 2765 191 2854 signis
214 2771 264 2834 est
285 2773 443 2836 mortuus.

49 2868 77 2913 Ν
153 2856 251 2925 Anno
279 2857 321 2925 sb
348 2857 429 2926 urbe
456 2856 586 2926 conditu
612 2873 769 2925 Doccvm
795 2854 884 2925 Nero
907 2853 1029 2925 (leesor
1056 2855 1132 2925 ubl
1222 2911 1225 2916 .

88 2944 238 3033 Augusto
264 2948 398 3053 quintus
425 2945 643 3036 principetom
670 2946 806 3033 adeptus
835 2949 886 3014 est
915 2947 1097 3102 monuitque

88 3033 122 3101 iu
145 3057 183 3104 eo
206 3058 301 3104 sums
323 3059 390 3106 uon
413 3036 518 3125 plenis
541 3035 809 3140 quattuordecim
843 3033 905 3103 Gei
928 3033 1045 3124 Guligu

11 3136 75 3180 ’.ότι
89 3125 240 3192 uuunculi
272 3125 323 3192 sui
355 3146 436 3214 erge
467 3146 579 3194 omme
612 3123 701 3191 luitis
732 3145 771 3192 sc
802 3125 923 3192 scelere
954 3128 1097 3192 sectetur

86 3209 185 3278 immo
216 3216 457 3300 treusgressur,
487 3211 704 3301 petulentiam
735 3212 905 3281 libidinem
936 3211 1096 3280 luxuriem

48 3311 75 3352 ιε
87 3297 261 3366 euenitism
282 3299 508 3366 crudelitutem
529 3301 622 3368 nullo
643 3322 711 3368 non
734 3300 853 3368 scelere
875 3301 1029 3385 exercuit3
1052 3298 1096 3367 si·

87 3380 433 3531 fflpffiuleutis
463 3387 605 3468 percitus
636 3387 747 3453 omniu
776 3409 880 3473 psenc
910 3387 1025 3491 lteliee
1057 3408 1096 3492 ιιι

306 3471 398 3535 estre
426 3470 641 3558 perlustrans,
675 3473 848 3558 sdsumpto
879 3479 979 3566 etrum
1009 3496 1096 3542 uem

1261 713 1268 772 i
