2714 3788
352 97 554 153 euveum
569 97 736 152 mersos
753 99 806 153 vn
824 101 867 155 to.
885 103 929 156 88.
1074 96 1139 166 281

125 240 228 308 freter
255 241 332 329 luit,
358 243 414 328 qui
441 261 602 308 nouorum
629 261 738 308 rerum
765 241 953 309 molitiones
979 242 1016 309 in
1037 242 1139 311 hehe

165 329 394 416 rhorresceus,·
412 328 536 398 relictis
564 328 651 417 spud
672 329 862 398 Airiccucrn
885 331 1039 398 militiam
1062 332 1139 402 duo·

147 442 185 486 us
213 419 289 486 liliis
314 419 575 487 adulescentibus
599 419 636 486 in
659 417 791 487 Itsliem
816 419 921 488 rediit
964 419 1077 509 Gildo,
1105 426 1140 488 et

124 507 304 575 absentium
330 507 443 575 iretis
470 511 504 575 et
529 509 749 594 praesentium
771 507 915 575 liliorum
937 509 1007 578 sius
1029 531 1138 598 suspe-

96 599 209 664 sotem
227 595 363 682 luemus,
381 595 602 663 adulescentes
620 594 696 663 dolo
713 596 953 665 circumuentos
966 599 1137 666 interiecit

124 683 165 752 sd
191 683 278 753 hunc
303 685 369 752 iem
396 689 435 751 nt
460 684 591 751 hostem
613 683 700 752 bello
723 684 957 772 insequendum
979 685 1174 754 Mucecelo

123 772 225 840 lretex
250 772 371 841 missus
397 776 462 857 est,
487 793 585 860 quem
611 771 764 840 idoneum
790 774 1013 858 procurandus
1035 776 1138 862 reipu-

122 862 227 930 blicue
245 862 316 928 lore
333 861 485 947 propriee
503 860 655 928 orbitetis
673 881 785 928 recens
803 861 897 929 dolor
914 862 1136 947 pollicebstur.

123 949 225 1037 igitur
247 947 420 1033 necesso,
445 949 513 1014 iem
539 947 614 1014 inde
640 947 865 1015 e‘l'heodosio
892 950 1011 1036 sciens,
1038 972 1137 1105 zuen·
1218 1020 1221 1030 ,
1335 969 1336 992 1

84 1054 111 1099 ιο
124 1042 195 1106 turn
217 1036 251 1105 in
269 1036 368 1105 rebus
386 1035 659 1142 desperetissimis
677 1035 783 1105 orutio
801 1035 946 1106 hominis
964 1060 1023 1127 pex
1064 1038 1136 1106 dem

123 1124 246 1196 Christi
264 1149 285 1194 s
303 1126 476 1194 clementie
492 1123 555 1193 Dei
571 1125 772 1213 impetrerst,
789 1123 981 1211 caprariam
997 1127 1137 1195 insnlm
1267 1182 1271 1192 .
1335 1061 1336 1090 ¹

124 1215 214 1304 odiit,
231 1216 317 1282 unde
336 1236 445 1282 secum
464 1219 597 1282 senotos
615 1235 728 1283 seruos
745 1213 808 1282 Dei
826 1215 955 1302 nliqnot
970 1221 1137 1303 permotos

122 1303 272 1393 precibus
304 1303 372 1370 suis
403 1303 556 1390 sumpsit=
587 1324 660 1370 cuns
690 1301 742 1370 his
773 1303 978 1372 orationibus
1008 1305 1138 1372 ieiuniis

123 1393 259 1482 psnlmis
277 1391 346 1460 dies
364 1395 540 1478 noctesque
559 1391 753 1459 continueris
772 1392 842 1460 sine
860 1391 947 1460 bello
965 1393 1137 1462 uictoriam
1168 1427 1172 1436 ·

32 1511 52 1552 s
64 1499 106 1545 uo
124 1483 243 1550 meruit
273 1503 312 1549 ec
343 1481 414 1550 sine
445 1479 541 1548 ccede
572 1479 759 1548 mensum.
814 1478 958 1549 hddelio
995 1481 1175 1550 fluminist

83 1591 243 1640 unomen
266 1575 325 1658 est,
347 1569 434 1675 quod
456 1568 528 1636 fluit
548 1569 634 1637 inter
652 1567 836 1637 Thenesten
857 1575 891 1636 et
909 1569 1138 1638 Ammoderem

123 1661 287 1746 ciuitatem
309 1659 365 1727 nbi
389 1679 463 1726 cnm
485 1679 589 1746 purus
611 1679 719 1744 menn,
740 1657 804 1726 hoc
827 1665 878 1727 est
899 1681 973 1728 cum
996 1659 1136 1749 quinque

123 1751 254 1822 milibus
279 1747 331 1838 (nt
352 1745 460 1840 siunt)
488 1748 643 1835 militnm,
669 1751 785 1818 contre
811 1750 1021 1840 septncgiute
1046 1750 1138 1819 milis

121 1841 268 1910 hostiurn
290 1845 398 1908 ocsus
420 1843 570 1924 metetis,
592 1861 665 1906 cum
683 1839 855 1908 interiecta
873 1862 967 1908 mors
984 1840 1138 1908 excedere

82 1931 196 1998 seloco
223 1929 455 2016 opposite-sque
481 1927 696 2015 prneiecentis
719 1927 816 1996 nellis
838 1929 1009 2017 engusties
1031 1933 1138 1998 nens·

122 2018 214 2106 gredi
236 2017 343 2103 uellet,
369 2017 553 2085 incurrente
575 2020 671 2084 nocte
689 2016 822 2084 hostum
840 2017 1051 2086 Ambrosium
1069 2018 1138 2104 epi·
1156 2033 1175 2085 ‘t

123 2127 256 2194 scopum
275 2105 451 2174 Mediolani
469 2103 569 2193 poulo
588 2109 663 2172 ente
682 2103 872 2174 defunctum
893 2127 952 2192 per
975 2106 1137 2173 somnium

122 2195 186 2263 sibi
213 2193 323 2262 uidere
351 2193 441 2261 uisus
469 2198 521 2261 est
548 2193 787 2281 signihosutem
814 2215 914 2261 menn
943 2199 977 2262 et
1005 2195 1137 2282 inpecto

123 2283 164 2353 ed
182 2283 318 2352 humum
336 2286 387 2351 ter
408 2282 526 2351 becclo
550 2281 724 2350 diccntemt
746 2282 823 2370 hic,
844 2283 921 2371 hic,
942 2282 1015 2352 hic
1050 2282 1137 2371 quod

81 2373 179 2443 seille
201 2373 354 2462 prudenti
376 2373 563 2441 coniectum
583 2371 747 2440 intellexit
769 2372 885 2439 merito
912 2372 1137 2441 sduuutientis

121 2464 219 2532 fidem
241 2463 409 2551 uictoriee,
432 2461 533 2530 uerbo
551 2461 668 2547 locum,
690 2482 825 2530 numero
843 2461 930 2529 diem
948 2461 1137 2551 significent

122 2553 272 2622 substitit
289 2575 328 2622 eo
345 2553 444 2621 tertio
463 2551 593 2620 demum
611 2551 663 2618 die
681 2555 758 2637 post
779 2556 909 2619 noctem
931 2551 1135 2619 cretionibus
1152 2563 1172 2617 e
1270 2571 1274 2578 ·

121 2643 315 2730 hymnisque
341 2641 534 2728 peruigilem
561 2637 604 2705 sb
632 2639 713 2726 ipsis
740 2639 929 2706 coelestium
956 2660 1137 2706 secrsmeu·

20 2743 21 2792 3
122 2736 231 2801 torum
268 2729 432 2816 mysteriis
463 2728 498 2795 in
530 2726 659 2795 hostem
695 2727 927 2796 circumfusum
963 2727 1136 2814 processit3

20 2805 21 2854 ¹
81 2839 109 2882 ee
122 2826 156 2888 ct
178 2841 252 2887 oum
275 2817 316 2887 ed
339 2838 396 2886 eos
427 2818 484 2904 qui
500 2815 599 2903 primi
616 2809 833 2900 occurrerent,
854 2817 909 2905 pie
926 2817 1016 2904 peeis
1035 2817 1173 2885 uerbee
1303 2867 1307 2877 .

121 2910 272 2994 iactaret,
302 2869 496 2994 siguiiexum
524 2905 686 2993 quendam
715 2905 893 2974 insolenter
921 2905 1136 2974 obsistentem
1165 2932 1168 2938 ·

122 3003 156 3067 st
177 2996 372 3084 icmiemqns
394 3017 541 3086 pugnem
569 2995 764 3063 excituntem
787 2994 897 3083 gledio
919 2995 1080 3082 percussit
1100 2995 1136 3061 in

122 3086 273 3155 brecohio
301 3107 438 3174 sumque
464 3106 563 3153 menn
593 3083 732 3152 debilem
763 3085 836 3172 ipso
865 3085 999 3152 uulnere
1028 3083 1137 3171 coegit
1335 3167 1336 3178 ἵ

144 3198 260 3246 ronum
277 3175 436 3244 inclinare
453 3173 618 3243 uexillum.
650 3193 713 3263 quo
731 3172 804 3240 uiso
821 3172 967 3262 reliques
985 3172 1134 3241 cohortes
1153 3183 1189 3238 ιο
1286 3243 1289 3249 ,
1335 3195 1336 3222 1

82 3199 320 3334 obeditionem
350 3264 418 3333 iem
448 3263 519 3334 fieri
550 3263 696 3352 priorum
728 3261 951 3332 existimantes
984 3261 1136 3330 certatim

123 3373 194 3418 sese
212 3351 253 3418 ud
267 3352 479 3419 llesccxelem
498 3352 602 3438 siguis
615 3351 775 3419 tradidere
789 3352 964 3422 conuersis.
995 3349 1136 3439 baberi,
1250 3385 1254 3392 ·

122 3458 261 3521 quornm
288 3446 442 3525 mngnem
469 3438 711 3507 multitudinem
738 3437 836 3507 Gildo
863 3441 904 3508 cd
932 3439 1056 3510 bellum
1083 3439 1137 3508 de-
