2750 3800
310 149 506 202 ADVERSVM
524 148 689 204 Pedanos
707 151 745 204 vl
765 154 806 207 11.
827 155 869 206 12.
1029 147 1095 216 209

148 292 327 362 Exhaustis
358 298 456 380 atque
488 291 639 360 edomitis
672 291 777 360 Gallis
809 313 940 359 securus
972 289 1093 360 Caesar
1110 301 1150 360 lt
1279 321 1290 373 2

83 405 155 451 oum
178 382 360 470 legionibus
382 381 417 448 iu
434 380 565 447 Italiam
583 379 688 466 rediit,
709 378 818 448 nullos
836 385 913 466 post
931 401 965 447 se
985 380 1094 448 Gallo-

82 493 153 538 rum
175 475 283 538 motus
305 470 553 557 pertimescens,
580 471 669 535 certo
693 489 728 535 se
751 468 856 534 sciens
880 469 1013 534 minime
1035 469 1094 535 ali·

83 578 171 644 quos,
190 559 246 644 qui
264 558 317 624 uel
336 557 460 624 moueri
479 557 621 624 audeaut
638 556 690 622 uel
710 556 738 622 si
752 560 945 622 moueantur
958 557 1094 652 timendi

55 647 157 731 ssiut,
178 645 355 732 reliquisse.
400 644 555 712 constitui
571 665 664 748 ‘nunc
686 647 767 748 aute·
785 643 896 710 oculos
918 644 1022 747 uelim
1041 660 1129 711 ex·s

82 731 743 908 'tltfflrttzttl”zittert
756 731 1095 890 ‘lustitia

82 917 118 978 ut
144 933 215 979 sese
241 911 375 996 babeat,
402 917 525 998 quanta
552 911 655 978 macie
682 913 869 998 quantoque
896 911 1019 996 pallore
1042 911 1095 998 sit,

83 1023 178 1089 quam
202 999 343 1066 demissa
365 1021 404 1068 so
426 999 571 1066 resoluta
593 998 712 1084 iaceat,
734 1020 832 1085 quam
855 997 943 1084 ipsos
967 1020 1095 1086 quoque

43 1109 68 1150 ιο
81 1089 254 1158 necessarii
272 1088 372 1156 oitioii
391 1091 510 1178 motus,
531 1111 573 1156 ne
591 1087 728 1156 eundem
746 1089 911 1156 incursum
933 1089 1094 1156 malorum

82 1184 247 1264 reuocent,
274 1179 493 1267 pertimescat
537 1179 638 1246 inruit
660 1179 746 1246 euim
769 1179 805 1245 iu
827 1201 899 1246 eam
922 1180 1128 1265 repentinos

81 1267 399 1353 impetuRomauus
432 1267 592 1334 exercitus
623 1267 724 1333 ueluti
755 1265 934 1333 fortissimo
965 1269 1094 1353 corpori

81 1355 197 1422 fortior
225 1356 308 1436 lues,
339 1377 422 1441 quae
451 1360 547 1423 tanto
577 1355 709 1444 grauius
740 1356 938 1441 accenditur,
970 1360 1093 1442 quanto

81 1445 293 1530 inpatientius
321 1444 488 1511 toleratur.
532 1445 666 1510 sitiebat
692 1443 823 1529 misera,
849 1465 922 1510 cum
949 1444 1130 1512 instantes

43 1549 69 1591 ss
82 1532 190 1619 gladio
213 1533 359 1620 profiteri
382 1531 590 1619 sponsionem
614 1531 781 1599 seruitutis
804 1535 955 1599 aeternae
972 1533 1094 1600 auulsis

16 1683 18 1686 .
82 1621 215 1708 insuper
237 1621 406 1689 obsidibus
429 1625 611 1708 cogereturq
639 1621 783 1708 sitiebat,
810 1625 848 1688 ut
874 1619 954 1708 diri,
980 1625 1093 1690 notam

82 1711 172 1777 illam
206 1711 419 1799 omnibusque
451 1710 678 1788 suauissimum
710 1710 804 1778 uelut
834 1732 937 1798 aquae
968 1711 1094 1799 gelidae

82 1797 284 1868 dulcedinem
307 1800 482 1887 libertatis,
511 1804 697 1887 quantoque
720 1822 792 1867 eam
816 1800 922 1887 magis
944 1801 1093 1868 subtrahi
1208 1839 1211 1846 v

82 1888 301 1976 intellegebat,
323 1893 416 1955 tauto
438 1889 565 1956 auidius
589 1889 800 1956 desiderabat.
846 1889 923 1955 hinc
945 1888 1003 1955 iila
1025 1893 1129 1958 tamo

43 1995 70 2035 so
83 1975 233 2062 frequens
256 1981 372 2045 contra
399 1977 504 2044 uetita
529 1977 764 2062 praesumptio:
790 1976 1008 2043 inundabatur
1033 1999 1093 2063 pro

83 2062 282 2132 defendenda
303 2064 454 2130 libertate
476 2064 654 2149 inportune
676 2064 814 2130 libertas·
828 2068 1093 2151 praereptumque

82 2149 310 2221 insatiabiliter
330 2152 477 2239 potiundi
502 2152 676 2238 licentiam,
699 2151 783 2239 quod
802 2153 886 2219 male
904 2157 1093 2240 conceptum

81 2241 256 2324 perniciem
285 2242 485 2328 restinguere
513 2240 699 2327 uidebatur,
729 2242 879 2327 augebat
922 2240 1000 2310 hinc
1029 2241 1129 2313 Ito-s

82 2349 196 2395 munus
210 2335 286 2396 aute
304 2350 448 2417 pugnum
468 2329 639 2397 insidiator
657 2330 814 2416 argutior,
832 2329 909 2398 binc
927 2330 962 2396 in
980 2351 1093 2435 pugna

43 2435 69 2476 rs
82 2415 185 2484 hostis
214 2417 378 2507 infestior,
406 2417 483 2485 hinc
513 2423 591 2506 post
619 2438 763 2506 pugnam
793 2419 900 2487 uictor
927 2418 1094 2506 immitior,

81 2504 157 2574 hino
183 2507 294 2576 omnio
321 2506 362 2576 ad
389 2506 584 2577 domandam
611 2507 839 2596 inpatientiam
866 2508 1094 2597 crudescentia,

81 2595 158 2666 binc
185 2598 250 2666 iam
273 2619 334 2667 uec
356 2597 506 2666 remediis
530 2597 729 2668 credebatur.
774 2599 883 2686 itaque
906 2598 934 2667 si
957 2599 1128 2671 interro-r

3 2724 18 2742 ,‚
31 2706 70 2746 ru
84 2707 162 2773 gare
188 2685 327 2774 postsem
354 2688 441 2756 hano
468 2686 508 2754 da
531 2709 595 2774 qua
621 2688 785 2774 loquimur
810 2687 990 2775 nationem,
1016 2691 1093 2794 quid

79 2778 169 2862 tunc,
195 2797 269 2844 cum
295 2776 376 2844 baec
402 2776 474 2862 ipsa
501 2776 695 2861 sustinebat,
728 2777 769 2844 de
795 2776 863 2844 illis
890 2779 1093 2864 temporibus

41 2861 243 2952 uindicarit,
271 2864 482 2953 responderet
502 2867 541 2931 ut
564 2863 706 2932 arbitror
728 2863 851 2932 dicens:
879 2863 939 2932 ‘sio
959 2887 1012 2933 me
1034 2866 1094 2933 illa

79 2956 158 3021 tuno
179 2953 280 3035 febris
302 2974 501 3043 exsanguem
528 2952 668 3021 reddidit
694 2974 733 3021 ao
760 2953 913 3043 frigidam
939 2953 1029 3042 iecit,
1054 2959 1094 3024 ut

79 3042 178 3110 etiam
200 3043 291 3130 haec,
313 3066 396 3132 quae
419 3065 531 3111 omnes
553 3064 656 3131 paene
676 3043 873 3132 perstrinxit,
895 3043 1093 3114 feruefacere

78 3131 132 3198 uel
157 3153 362 3201 commouere
388 3133 584 3220 nequiuerit,
611 3137 709 3220 atque
735 3131 783 3200 ita
805 3154 857 3200 me
880 3132 1020 3202 Romani
1043 3133 1090 3202 iu·

78 3219 296 3306 olinaueruut,
322 3224 361 3287 nt
381 3243 442 3288 uec
464 3221 506 3289 ad
528 3220 653 3289 Gedros
676 3219 832 3309 surgam’.
877 3220 933 3290 sed
955 3244 996 3290 ue
1018 3223 1125 3310 ipses

39 3321 66 3362 ⁸⁶
79 3306 208 3455 quidem
230 3307 337 3374 Roma
359 3306 477 3395 clades,
499 3331 580 3396 quas
602 3308 722 3394 intulit,
744 3311 892 3378 euitauit
927 3312 1089 3381 exercitae

100 3392 133 3457 iu
155 3397 333 3479 auctaeque
352 3399 430 3460 suut
446 3418 504 3482 per
521 3398 611 3463 totos
628 3397 740 3464 mundi
757 3399 905 3466 cardines
924 3400 1089 3486 potentiae

79 3477 196 3544 ducum
218 3480 368 3566 uiresque
393 3482 572 3570 legionum,
598 3505 682 3570 quas
708 3485 742 3553 iu
766 3507 836 3554 sese
858 3493 1089 3558 concurrentes

132 3588 235 3632 oscssvs
248 3601 288 3632 aa.
302 3591 499 3637 zarurssssrrss.
895 3596 931 3648 u
