2746 3872
333 7 531 62 snvunsvtl
547 7 714 62 nomos
732 9 761 63 Π
778 12 804 64 t.
824 13 849 64 l.
1054 7 1099 78 43
1225 69 1230 80 ,

84 153 211 244 generis
234 152 374 241 condita,
395 173 482 220 nuuc
503 174 606 240 pecue
628 153 728 222 etism
746 153 883 223 minima
898 157 993 224 moro
1010 155 1099 224 uicta

82 243 368 418 tltuzlttt
382 247 457 400 02:ss
476 241 1097 420 ,tlalttntt‘tttnlltt‘lt
1117 255 1151 309 ²⁹

84 427 148 507 set,
176 423 282 490 uictus
305 420 446 488 sollicite
468 421 505 488 iu
525 443 662 509 reguum
684 422 816 510 refugit
860 420 964 510 Cyrus
987 427 1097 490 sutem

54 514 296 599 sposteuquam
327 507 531 597 Babylonem
562 513 601 576 ut
630 509 737 577 hostis
769 511 893 577 inuasit
923 516 961 579 ut
990 512 1097 580 uictor

83 600 202 668 euertit
223 604 261 666 ut
283 619 340 666 rex
363 597 533 684 disposuit,
554 598 678 666 bellum
699 599 868 668 transtulit
889 599 925 667 in
944 598 1096 689 Lydiam

83 688 139 757 ubi
161 687 376 756 conterritum
399 687 564 775 superiore
586 688 653 756 iam
669 689 794 775 proelio
811 689 988 757 exercitum
1005 690 1095 758 nullo

82 778 214 865 negotio
232 777 409 865 superauit
436 779 544 864 ipsum
562 777 661 844 etiam
674 776 832 846 Croesum
848 778 937 864 oepit
948 783 1096 867 ceptum·

81 889 143 955 quc
166 871 198 934 ct
220 867 290 934 uita
311 869 346 934 ct
367 866 565 955 patrimonio
587 866 732 935 donauit.

44 977 69 1017 ιο
147 957 355 1046 Exaggerare
381 956 541 1026 hocloco
565 956 770 1025 mutabilium
793 977 902 1026 rerum
924 957 1095 1027 instabiles
1115 970 1149 1024 ιι

82 1051 186 1116 status
207 1069 275 1116 uon
293 1069 376 1135 opus
394 1051 458 1115 cst:
481 1047 637 1136 quidquid
656 1047 742 1116 enim
761 1051 812 1116 est
830 1070 927 1136 opere
945 1054 980 1116 et
996 1071 1096 1118 manu

82 1138 213 1226 lactum,
232 1137 301 1206 labi
324 1141 358 1205 ct
376 1137 523 1206 consumi
541 1141 714 1226 uetustate,
736 1136 888 1226 Babylon
905 1142 1003 1227 cepta
1020 1160 1096 1208 oon·

7 1246 69 1288 21⁰⁴
84 1229 213 1296 *firmetz
236 1228 326 1296 cuius
350 1231 387 1296 ut
408 1227 551 1315 primum
573 1228 745 1316 imperium
769 1249 807 1296 ac
828 1229 1094 1316 potentissimum

81 1318 205 1386 exstitit
230 1317 279 1385 ita
305 1323 340 1385 et
364 1318 507 1405 primum
534 1317 644 1404 cessit,
671 1323 709 1386 ut
735 1317 838 1386 ueluti
861 1319 1002 1407 quodam
1025 1319 1095 1386 iure

40 1426 68 1469 a
80 1407 280 1476 succedentis
298 1407 417 1476 estatis
436 1407 547 1476 debita
563 1409 703 1496 posteris
721 1407 905 1476 moderetur
921 1408 1095 1495 hereditas,

79 1497 668 1673 {tilaqllllinlllllblblffli
688 1497 1094 1674 ft‘llttstlttt
1113 1600 1149 1653 n

80 1676 151 1743 buit
168 1696 290 1765 magns
302 1675 452 1762 Babylon
470 1680 505 1743 et
515 1677 630 1764 ingens
670 1676 761 1763 ydie,
774 1677 977 1765 amplissima
991 1676 1095 1746 orien-

78 1765 122 1831 tis
144 1787 218 1833 cum
241 1766 348 1852 capite
371 1787 431 1833 suo
454 1764 607 1832 bracchia
629 1767 726 1834 unius
747 1766 865 1853 proclii
887 1765 1093 1853 expeditione

39 1871 66 1913 so
79 1853 277 1921 cecideruut:
300 1858 335 1920 et
355 1853 458 1920 nostri
480 1853 752 1940 incircumspecta
774 1854 937 1922 anxietate
958 1875 1093 1923 museu-

77 1945 140 2026 tur,
154 1941 184 2008 si
196 1941 444 2029 potentissimos
457 1941 535 2008 illae
544 1942 709 2030 quondam
716 1941 884 2010 Romanae
894 1942 1094 2030 reipublicae

78 2030 181 2100 moles
194 2053 281 2099 nuuc
295 2031 401 2120 magis
415 2031 628 2100 inbccillitate
642 2033 792 2120 propriae
806 2032 985 2102 senectutis
995 2055 1093 2122 quam

78 2121 191 2188 alienis
214 2141 391 2188 concussae
413 2120 538 2188 uiribus
561 2125 830 2190 contremescunt

143 2209 160 2276 l
186 2209 249 2276 'tur
270 2207 357 2276 idem
424 2230 479 2276 rus
501 2209 642 2297 proximi
664 2211 822 2297 temporis
842 2231 995 2278 successu
1012 2209 1092 2297 Scy·
1110 2217 1126 2276 t

39 2315 65 2356 sc
78 2297 145 2364 this
161 2229 289 2364 bellum
311 2297 433 2366 intulit
465 2319 561 2386 quem
580 2296 755 2384 Thamyris
777 2300 893 2386 regina
913 2321 996 2386 quaa
1012 2304 1115 2378 tunc,

77 2387 168 2473 genti
189 2391 341 2472 praeerat
363 2407 437 2454 cum
459 2385 633 2473 prohibere
651 2387 793 2455 transitu
810 2387 930 2454 Araxis
948 2387 1091 2456 fluminis

77 2479 200 2567 posset,
215 2475 355 2542 transire
372 2475 531 2562 permisit,
547 2475 690 2561 primum
707 2478 844 2563 propter
861 2475 1012 2544 fiduciam
1031 2477 1092 2564 sui,

76 2562 191 2631 dehinc
226 2568 363 2650 propter
397 2563 676 2650 opportunitatem
711 2585 752 2632 ex
786 2564 916 2633 obiectu
947 2563 1092 2633 fluminis

75 2650 182 2720 hostis
204 2651 330 2720 inclusi
366 2649 471 2739 Cyrus
493 2651 604 2740 itaque
624 2651 794 2740 Scythiam
815 2652 994 2742 ingressus,
1015 2665 1126 2741 pro-e

7 2771 15 2800 t
29 2755 67 2798 ιω
80 2741 132 2807 cul
154 2762 175 2809 a
192 2741 387 2810 transmisso
405 2740 548 2808 flumine
566 2747 675 2810 castra
692 2746 846 2829 motetus,
866 2743 999 2830 iusuper
1016 2747 1092 2812 astu

39 2845 64 2887 ⁸1
79 2829 191 2897 aedem
207 2829 370 2898 instructa
387 2830 465 2898 uino
484 2830 653 2919 epulisque
671 2831 823 2918 deseruit,
844 2831 939 2918 quasi
956 2831 1090 2900 territus

75 2917 258 3006 refugisset
303 2918 367 2987 boo
398 2923 554 3006 conperto
583 2921 698 3008 regina
724 2920 857 2988 tertiam
882 2923 1011 3007 partem
1038 2942 1090 2990 oo·

98 3007 203 3075 iarum
238 3013 273 3076 et
307 3007 412 3076 filium
448 3007 724 3076 adulescentulum
758 3007 800 3076 acl
831 3007 1090 3096 persequendum

74 3029 198 3183 gyrum
224 3095 337 3167 mittit.
379 3097 515 3166 barbari
539 3097 643 3166 ueluti
669 3097 711 3166 acl
734 3097 846 3186 epulas
869 3097 1001 3166 iuuiteti
1023 3099 1124 3186 pri-s

37 3200 63 3243 ⁸⁵
75 3206 165 3254 mum
183 3185 340 3253 ebrietate
354 3186 539 3273 uincuntur,
557 3208 637 3270 mox¹
646 3190 831 3256 mumtents
845 3183 931 3275 cyro
944 3188 1089 3256 uniuersi

75 3294 148 3340 cum
172 3274 378 3342 edulmoente
400 3274 645 3345 obtruncantur.
688 3275 864 3364 ‘l'bsmyris
886 3275 1027 3346 mereim
1049 3288 1125 3346 acc

75 3361 144 3429 filio
171 3361 293 3430 amisso
321 3361 375 3430 uel
397 3363 512 3432 matris
534 3363 587 3432 uel
608 3364 742 3453 reginae
765 3364 910 3435 dolorem
931 3365 1089 3456 sauguine
