<?xml version="1.0" encoding="UTF-8"?>
<!DOCTYPE html PUBLIC "-//W3C//DTD XHTML 1.0 Transitional//EN"
    "http://www.w3.org/TR/xhtml1/DTD/xhtml1-transitional.dtd">
<html xmlns="http://www.w3.org/1999/xhtml" xml:lang="en" lang="en">
 <head>
  <title>
</title>
<meta http-equiv="Content-Type" content="text/html;charset=utf-8" />
  <meta name='ocr-system' content='tesseract 3.04.00' />
  <meta name='ocr-capabilities' content='ocr_page ocr_carea ocr_par ocr_line ocrx_word'/>
</head>
<body>
  <div class='ocr_page' id='page_1' title='image "./pavliorosiihist01orosgoog_0360.png"; bbox 0 0 2750 3800; ppageno 0'>
   <div class='ocr_carea' id='block_1_1' title="bbox 250 171 1012 239">
    <p class='ocr_par' dir='ltr' id='par_1_1' title="bbox 250 171 1012 239">
     <span class='ocr_line' id='line_1_1' title="bbox 250 171 1012 239; baseline -0.009 0"><span class='ocrx_word' id='word_1_1' title='bbox 250 171 318 239; x_wconf 75' lang='lat'><strong>212</strong></span> <span class='ocrx_word' id='word_1_2' title='bbox 498 176 606 231; x_wconf 75' lang='lat' dir='ltr'><strong>nevar</strong></span> <span class='ocrx_word' id='word_1_3' title='bbox 624 175 748 231; x_wconf 82' lang='lat' dir='ltr'><strong>oaosn</strong></span> <span class='ocrx_word' id='word_1_4' title='bbox 764 177 1012 232; x_wconf 77' lang='lat' dir='ltr'><strong>nuuomsnvu</strong></span> 
     </span>
    </p>
   </div>
   <div class='ocr_carea' id='block_1_2' title="bbox 82 317 1344 3342">
    <p class='ocr_par' dir='ltr' id='par_1_2' title="bbox 82 317 1344 3342">
     <span class='ocr_line' id='line_1_2' title="bbox 248 317 1261 408; baseline 0.002 -24"><span class='ocrx_word' id='word_1_5' title='bbox 248 317 397 386; x_wconf 87' lang='lat' dir='ltr'><strong>contulit</strong></span> <span class='ocrx_word' id='word_1_6' title='bbox 432 319 477 387; x_wconf 79' lang='lat' dir='ltr'><strong>m</strong></span> <span class='ocrx_word' id='word_1_7' title='bbox 490 320 654 387; x_wconf 76' lang='lat' dir='ltr'><strong>Antonius</strong></span> <span class='ocrx_word' id='word_1_8' title='bbox 673 324 707 388; x_wconf 90' lang='lat' dir='ltr'><strong>et</strong></span> <span class='ocrx_word' id='word_1_9' title='bbox 723 319 758 388; x_wconf 91' lang='lat' dir='ltr'><strong>P.</strong></span> <span class='ocrx_word' id='word_1_10' title='bbox 772 318 906 388; x_wconf 76' lang='lat' dir='ltr'><strong>cassius</strong></span> <span class='ocrx_word' id='word_1_11' title='bbox 929 320 1051 388; x_wconf 78' lang='lat' dir='ltr'><strong>tribuni</strong></span> <span class='ocrx_word' id='word_1_12' title='bbox 1074 320 1181 408; x_wconf 88' lang='lat' dir='ltr'><strong>plebis</strong></span> <span class='ocrx_word' id='word_1_13' title='bbox 1200 341 1261 405; x_wconf 86' lang='lat' dir='ltr'><strong>pro</strong></span> 
     </span>
     <span class='ocr_line' id='line_1_3' title="bbox 249 404 1261 495; baseline 0.001 -20"><span class='ocrx_word' id='word_1_14' title='bbox 249 404 388 476; x_wconf 78' lang='lat' dir='ltr'><strong>Caesare</strong></span> <span class='ocrx_word' id='word_1_15' title='bbox 424 408 677 495; x_wconf 84' lang='lat' dir='ltr'><strong>intercedentes,</strong></span> <span class='ocrx_word' id='word_1_16' title='bbox 713 409 925 477; x_wconf 70' lang='lat' dir='ltr'><strong>interdicente</strong></span> <span class='ocrx_word' id='word_1_17' title='bbox 956 408 1094 477; x_wconf 78' lang='lat' dir='ltr'><strong>Lentulo</strong></span> <span class='ocrx_word' id='word_1_18' title='bbox 1129 410 1261 476; x_wconf 91' lang='lat' dir='ltr'><strong>consule</strong></span> 
     </span>
     <span class='ocr_line' id='line_1_4' title="bbox 247 497 1261 588; baseline 0.002 -24"><span class='ocrx_word' id='word_1_19' title='bbox 247 498 337 564; x_wconf 83' lang='lat' dir='ltr'><strong>curia</strong></span> <span class='ocrx_word' id='word_1_20' title='bbox 368 497 505 586; x_wconf 82' lang='lat' dir='ltr'><strong>loroque</strong></span> <span class='ocrx_word' id='word_1_21' title='bbox 533 498 704 586; x_wconf 86' lang='lat' dir='ltr'><strong>prohibiti,</strong></span> <span class='ocrx_word' id='word_1_22' title='bbox 736 499 777 566; x_wconf 86' lang='lat' dir='ltr'><strong>ad</strong></span> <span class='ocrx_word' id='word_1_23' title='bbox 809 497 982 568; x_wconf 80' lang='lat' dir='ltr'><strong>Caesarem</strong></span> <span class='ocrx_word' id='word_1_24' title='bbox 1012 499 1150 588; x_wconf 86' lang='lat' dir='ltr'><strong>proiecti</strong></span> <span class='ocrx_word' id='word_1_25' title='bbox 1184 503 1261 567; x_wconf 87' lang='lat' dir='ltr'><strong>sunt</strong></span> 
     </span>
     <span class='ocr_line' id='line_1_5' title="bbox 211 583 1259 674; baseline 0.003 -23"><span class='ocrx_word' id='word_1_26' title='bbox 211 583 387 654; x_wconf 75' lang='lat' dir='ltr'><strong>acutione</strong></span> <span class='ocrx_word' id='word_1_27' title='bbox 414 587 512 654; x_wconf 86' lang='lat' dir='ltr'><strong>simul</strong></span> <span class='ocrx_word' id='word_1_28' title='bbox 535 585 709 674; x_wconf 79' lang='lat' dir='ltr'><strong>Caelioque</strong></span> <span class='ocrx_word' id='word_1_29' title='bbox 731 588 972 656; x_wconf 72' lang='lat' dir='ltr'><strong>comitantibus.</strong></span> <span class='ocrx_word' id='word_1_30' title='bbox 1017 587 1139 655; x_wconf 77' lang='lat' dir='ltr'><strong>Cacsar</strong></span> <span class='ocrx_word' id='word_1_31' title='bbox 1160 588 1259 654; x_wconf 85' lang='lat' dir='ltr'><strong>Rubi·</strong></span> 
     </span>
     <span class='ocr_line' id='line_1_6' title="bbox 245 675 1301 763; baseline -0.003 -22"><span class='ocrx_word' id='word_1_32' title='bbox 245 696 327 742; x_wconf 87' lang='lat' dir='ltr'><strong>cous</strong></span> <span class='ocrx_word' id='word_1_33' title='bbox 357 675 489 743; x_wconf 85' lang='lat' dir='ltr'><strong>flumine</strong></span> <span class='ocrx_word' id='word_1_34' title='bbox 520 682 737 763; x_wconf 84' lang='lat' dir='ltr'><strong>transmeato,</strong></span> <span class='ocrx_word' id='word_1_35' title='bbox 768 700 845 745; x_wconf 87' lang='lat' dir='ltr'><strong>mox</strong></span> <span class='ocrx_word' id='word_1_36' title='bbox 876 682 913 744; x_wconf 91' lang='lat' dir='ltr'><strong>nt</strong></span> <span class='ocrx_word' id='word_1_37' title='bbox 943 677 1126 744; x_wconf 81' lang='lat' dir='ltr'><strong>Ariminum</strong></span> <span class='ocrx_word' id='word_1_38' title='bbox 1160 678 1301 762; x_wconf 73' lang='lat' dir='ltr'><strong>uenite</strong></span> 
     </span>
     <span class='ocr_line' id='line_1_7' title="bbox 246 764 1260 852; baseline 0.002 -22"><span class='ocrx_word' id='word_1_39' title='bbox 246 764 387 850; x_wconf 88' lang='lat' dir='ltr'><strong>quinque</strong></span> <span class='ocrx_word' id='word_1_40' title='bbox 401 764 560 850; x_wconf 86' lang='lat' dir='ltr'><strong>cobortes,</strong></span> <span class='ocrx_word' id='word_1_41' title='bbox 579 787 659 852; x_wconf 86' lang='lat' dir='ltr'><strong>quas</strong></span> <span class='ocrx_word' id='word_1_42' title='bbox 677 771 754 833; x_wconf 89' lang='lat' dir='ltr'><strong>tuuc</strong></span> <span class='ocrx_word' id='word_1_43' title='bbox 773 767 860 832; x_wconf 82' lang='lat' dir='ltr'><strong>solae</strong></span> <span class='ocrx_word' id='word_1_44' title='bbox 875 765 1027 852; x_wconf 83' lang='lat' dir='ltr'><strong>habebat,</strong></span> <span class='ocrx_word' id='word_1_45' title='bbox 1044 787 1117 832; x_wconf 91' lang='lat' dir='ltr'><strong>oum</strong></span> <span class='ocrx_word' id='word_1_46' title='bbox 1132 766 1260 851; x_wconf 89' lang='lat' dir='ltr'><strong>quibus,</strong></span> 
     </span>
     <span class='ocr_line' id='line_1_8' title="bbox 244 851 1260 940; baseline 0.003 -22"><span class='ocrx_word' id='word_1_47' title='bbox 244 857 284 918; x_wconf 86' lang='lat' dir='ltr'><strong>ut</strong></span> <span class='ocrx_word' id='word_1_48' title='bbox 305 853 353 919; x_wconf 86' lang='lat' dir='ltr'><strong>ait</strong></span> <span class='ocrx_word' id='word_1_49' title='bbox 371 851 492 938; x_wconf 81' lang='lat' dir='ltr'><strong>Liuius,</strong></span> <span class='ocrx_word' id='word_1_50' title='bbox 514 855 626 920; x_wconf 88' lang='lat' dir='ltr'><strong>orbem</strong></span> <span class='ocrx_word' id='word_1_51' title='bbox 649 858 808 920; x_wconf 71' lang='lat' dir='ltr'><strong>terram</strong></span> <span class='ocrx_word' id='word_1_52' title='bbox 831 854 965 921; x_wconf 86' lang='lat' dir='ltr'><strong>adortus</strong></span> <span class='ocrx_word' id='word_1_53' title='bbox 987 858 1047 936; x_wconf 86' lang='lat' dir='ltr'><strong>eet,</strong></span> <span class='ocrx_word' id='word_1_54' title='bbox 1069 853 1148 940; x_wconf 90' lang='lat' dir='ltr'><strong>quid</strong></span> <span class='ocrx_word' id='word_1_55' title='bbox 1170 855 1260 921; x_wconf 84' lang='lat' dir='ltr'><strong>iacto</strong></span> 
     </span>
     <span class='ocr_line' id='line_1_9' title="bbox 183 941 1260 1028; baseline 0.004 -22"><span class='ocrx_word' id='word_1_56' title='bbox 183 941 187 950; x_wconf 83' lang='lat'><em>&#39;</em></span> <span class='ocrx_word' id='word_1_57' title='bbox 244 962 329 1026; x_wconf 82' lang='lat' dir='ltr'><strong>opus</strong></span> <span class='ocrx_word' id='word_1_58' title='bbox 349 946 450 1027; x_wconf 82' lang='lat' dir='ltr'><strong>esset,</strong></span> <span class='ocrx_word' id='word_1_59' title='bbox 475 941 612 1010; x_wconf 84' lang='lat' dir='ltr'><strong>edocuit</strong></span> <span class='ocrx_word' id='word_1_60' title='bbox 656 943 829 1028; x_wconf 88' lang='lat' dir='ltr'><strong>deplorans</strong></span> <span class='ocrx_word' id='word_1_61' title='bbox 852 943 987 1008; x_wconf 85' lang='lat' dir='ltr'><strong>iniurias</strong></span> <span class='ocrx_word' id='word_1_62' title='bbox 1010 963 1101 1027; x_wconf 83' lang='lat' dir='ltr'><strong>suas,</strong></span> <span class='ocrx_word' id='word_1_63' title='bbox 1128 963 1260 1010; x_wconf 80' lang='lat' dir='ltr'><strong>cauam</strong></span> 
     </span>
     <span class='ocr_line' id='line_1_10' title="bbox 180 1028 1259 1117; baseline 0.007 -27"><span class='ocrx_word' id='word_1_64' title='bbox 180 1087 182 1090; x_wconf 84' lang='lat'>.</span> <span class='ocrx_word' id='word_1_65' title='bbox 244 1028 322 1095; x_wconf 89' lang='lat' dir='ltr'><strong>belli</strong></span> <span class='ocrx_word' id='word_1_66' title='bbox 344 1029 464 1114; x_wconf 85' lang='lat' dir='ltr'><strong>ciuilia,</strong></span> <span class='ocrx_word' id='word_1_67' title='bbox 484 1052 545 1116; x_wconf 92' lang='lat' dir='ltr'><strong>pro</strong></span> <span class='ocrx_word' id='word_1_68' title='bbox 567 1031 775 1109; x_wconf 70' lang='lat' dir='ltr'><strong>restituendis</strong></span> <span class='ocrx_word' id='word_1_69' title='bbox 799 1031 832 1097; x_wconf 92' lang='lat' dir='ltr'><strong>in</strong></span> <span class='ocrx_word' id='word_1_70' title='bbox 854 1032 994 1117; x_wconf 80' lang='lat' dir='ltr'><strong>patriam</strong></span> <span class='ocrx_word' id='word_1_71' title='bbox 1017 1031 1166 1114; x_wconf 82' lang='lat' dir='ltr'><strong>tribunis,</strong></span> <span class='ocrx_word' id='word_1_72' title='bbox 1188 1053 1259 1098; x_wconf 87' lang='lat' dir='ltr'><strong>esse</strong></span> 
     </span>
     <span class='ocr_line' id='line_1_11' title="bbox 206 1118 1299 1206; baseline 0.002 -23"><span class='ocrx_word' id='word_1_73' title='bbox 206 1128 228 1182; x_wconf 74' lang='grc'><strong>4</strong></span> <span class='ocrx_word' id='word_1_74' title='bbox 244 1121 384 1185; x_wconf 84' lang='lat' dir='ltr'><strong>testatus</strong></span> <span class='ocrx_word' id='word_1_75' title='bbox 402 1123 461 1186; x_wconf 82' lang='lat' dir='ltr'><strong>est</strong></span> <span class='ocrx_word' id='word_1_76' title='bbox 491 1119 565 1186; x_wconf 89' lang='lat' dir='ltr'><strong>inde</strong></span> <span class='ocrx_word' id='word_1_77' title='bbox 584 1141 642 1206; x_wconf 92' lang='lat' dir='ltr'><strong>per</strong></span> <span class='ocrx_word' id='word_1_78' title='bbox 654 1118 835 1187; x_wconf 84' lang='lat' dir='ltr'><strong>Antonium</strong></span> <span class='ocrx_word' id='word_1_79' title='bbox 852 1123 977 1206; x_wconf 87' lang='lat' dir='ltr'><strong>septem</strong></span> <span class='ocrx_word' id='word_1_80' title='bbox 996 1118 1156 1206; x_wconf 86' lang='lat' dir='ltr'><strong>cohortes,</strong></span> <span class='ocrx_word' id='word_1_81' title='bbox 1174 1140 1257 1206; x_wconf 86' lang='lat' dir='ltr'><strong>quac</strong></span> <span class='ocrx_word' id='word_1_82' title='bbox 1274 1137 1299 1180; x_wconf 83' lang='grc' dir='ltr'><strong>ιο</strong></span> 
     </span>
     <span class='ocr_line' id='line_1_12' title="bbox 243 1205 1257 1295; baseline 0.002 -22"><span class='ocrx_word' id='word_1_83' title='bbox 243 1206 330 1293; x_wconf 83' lang='lat' dir='ltr'><strong>apud</strong></span> <span class='ocrx_word' id='word_1_84' title='bbox 352 1205 538 1276; x_wconf 84' lang='lat' dir='ltr'><strong>Sulmonem</strong></span> <span class='ocrx_word' id='word_1_85' title='bbox 561 1210 786 1293; x_wconf 88' lang='lat' dir='ltr'><strong>morabantur,</strong></span> <span class='ocrx_word' id='word_1_86' title='bbox 812 1231 834 1276; x_wconf 84' lang='lat' dir='ltr'><strong>a</strong></span> <span class='ocrx_word' id='word_1_87' title='bbox 855 1209 1007 1276; x_wconf 87' lang='lat' dir='ltr'><strong>Lucretio</strong></span> <span class='ocrx_word' id='word_1_88' title='bbox 1030 1209 1163 1295; x_wconf 87' lang='lat' dir='ltr'><strong>recepit,</strong></span> <span class='ocrx_word' id='word_1_89' title='bbox 1191 1214 1257 1275; x_wconf 90' lang='lat' dir='ltr'><strong>tres</strong></span> 
     </span>
     <span class='ocr_line' id='line_1_13' title="bbox 243 1295 1258 1385; baseline 0.002 -23"><span class='ocrx_word' id='word_1_90' title='bbox 243 1295 399 1383; x_wconf 86' lang='lat' dir='ltr'><strong>legiones,</strong></span> <span class='ocrx_word' id='word_1_91' title='bbox 423 1319 507 1384; x_wconf 88' lang='lat' dir='ltr'><strong>quac</strong></span> <span class='ocrx_word' id='word_1_92' title='bbox 525 1319 598 1364; x_wconf 90' lang='lat' dir='ltr'><strong>cnm</strong></span> <span class='ocrx_word' id='word_1_93' title='bbox 616 1297 762 1365; x_wconf 86' lang='lat' dir='ltr'><strong>Domitio</strong></span> <span class='ocrx_word' id='word_1_94' title='bbox 781 1297 866 1385; x_wconf 85' lang='lat' dir='ltr'><strong>apud</strong></span> <span class='ocrx_word' id='word_1_95' title='bbox 886 1296 1063 1364; x_wconf 81' lang='lat' dir='ltr'><strong>Corfinium</strong></span> <span class='ocrx_word' id='word_1_96' title='bbox 1086 1297 1258 1364; x_wconf 85' lang='lat' dir='ltr'><strong>moraban-</strong></span> 
     </span>
     <span class='ocr_line' id='line_1_14' title="bbox 242 1385 1257 1474; baseline 0.002 -22"><span class='ocrx_word' id='word_1_97' title='bbox 242 1388 310 1470; x_wconf 85' lang='lat' dir='ltr'><strong>tur,</strong></span> <span class='ocrx_word' id='word_1_98' title='bbox 337 1385 380 1452; x_wconf 88' lang='lat' dir='ltr'><strong>ad</strong></span> <span class='ocrx_word' id='word_1_99' title='bbox 402 1408 478 1454; x_wconf 86' lang='lat' dir='ltr'><strong>suas</strong></span> <span class='ocrx_word' id='word_1_100' title='bbox 499 1390 611 1472; x_wconf 89' lang='lat' dir='ltr'><strong>partes</strong></span> <span class='ocrx_word' id='word_1_101' title='bbox 633 1386 787 1454; x_wconf 88' lang='lat' dir='ltr'><strong>traduxit</strong></span> <span class='ocrx_word' id='word_1_102' title='bbox 832 1386 1006 1474; x_wconf 88' lang='lat' dir='ltr'><strong>Pompeius</strong></span> <span class='ocrx_word' id='word_1_103' title='bbox 1030 1390 1127 1472; x_wconf 91' lang='lat' dir='ltr'><strong>atque</strong></span> <span class='ocrx_word' id='word_1_104' title='bbox 1150 1387 1257 1454; x_wconf 79' lang='lat' dir='ltr'><strong>omnis</strong></span> 
     </span>
     <span class='ocr_line' id='line_1_15' title="bbox 242 1473 1256 1563; baseline 0.001 -22"><span class='ocrx_word' id='word_1_105' title='bbox 242 1479 387 1561; x_wconf 84' lang='lat' dir='ltr'><strong>senatus,</strong></span> <span class='ocrx_word' id='word_1_106' title='bbox 404 1475 623 1544; x_wconf 84' lang='lat' dir='ltr'><strong>crescentibus</strong></span> <span class='ocrx_word' id='word_1_107' title='bbox 638 1473 788 1544; x_wconf 75' lang='lat' dir='ltr'><strong>caesana</strong></span> <span class='ocrx_word' id='word_1_108' title='bbox 802 1476 927 1543; x_wconf 87' lang='lat' dir='ltr'><strong>uiribus</strong></span> <span class='ocrx_word' id='word_1_109' title='bbox 945 1474 1072 1562; x_wconf 82' lang='lat' dir='ltr'><strong>trepidi,</strong></span> <span class='ocrx_word' id='word_1_110' title='bbox 1089 1481 1256 1563; x_wconf 66' lang='lat' dir='ltr'><strong>umquam</strong></span> 
     </span>
     <span class='ocr_line' id='line_1_16' title="bbox 241 1561 1298 1653; baseline 0.004 -24"><span class='ocrx_word' id='word_1_111' title='bbox 241 1561 342 1632; x_wconf 86' lang='lat' dir='ltr'><strong>ltalia</strong></span> <span class='ocrx_word' id='word_1_112' title='bbox 353 1565 440 1652; x_wconf 88' lang='lat' dir='ltr'><strong>pulsi</strong></span> <span class='ocrx_word' id='word_1_113' title='bbox 453 1564 489 1633; x_wconf 90' lang='lat' dir='ltr'><strong>iu</strong></span> <span class='ocrx_word' id='word_1_114' title='bbox 503 1564 672 1632; x_wconf 75' lang='lat' dir='ltr'><strong>Graeciam</strong></span> <span class='ocrx_word' id='word_1_115' title='bbox 685 1566 872 1652; x_wconf 88' lang='lat' dir='ltr'><strong>transuecti,</strong></span> <span class='ocrx_word' id='word_1_116' title='bbox 889 1563 1106 1653; x_wconf 69' lang='lat' dir='ltr'><strong>Dyrrachium</strong></span> <span class='ocrx_word' id='word_1_117' title='bbox 1121 1565 1255 1652; x_wconf 85' lang='lat' dir='ltr'><strong>gerendi</strong></span> <span class='ocrx_word' id='word_1_118' title='bbox 1272 1581 1298 1625; x_wconf 78' lang='lat'><strong>¹⁵</strong></span> 
     </span>
     <span class='ocr_line' id='line_1_17' title="bbox 210 1651 1257 1741; baseline 0.002 -24"><span class='ocrx_word' id='word_1_119' title='bbox 210 1651 325 1719; x_wconf 80' lang='lat' dir='ltr'><strong>ebeni</strong></span> <span class='ocrx_word' id='word_1_120' title='bbox 351 1653 460 1720; x_wconf 82' lang='lat' dir='ltr'><strong>sedem</strong></span> <span class='ocrx_word' id='word_1_121' title='bbox 487 1653 686 1741; x_wconf 83' lang='lat' dir='ltr'><strong>delegerunt</strong></span> <span class='ocrx_word' id='word_1_122' title='bbox 731 1651 852 1720; x_wconf 79' lang='lat' dir='ltr'><strong>Caesar</strong></span> <span class='ocrx_word' id='word_1_123' title='bbox 874 1654 1013 1721; x_wconf 83' lang='lat' dir='ltr'><strong>Romam</strong></span> <span class='ocrx_word' id='word_1_124' title='bbox 1040 1655 1132 1720; x_wconf 90' lang='lat' dir='ltr'><strong>uenit</strong></span> <span class='ocrx_word' id='word_1_125' title='bbox 1157 1675 1257 1741; x_wconf 88' lang='lat' dir='ltr'><strong>nega·</strong></span> 
     </span>
     <span class='ocr_line' id='line_1_18' title="bbox 242 1742 1257 1830; baseline 0 -22"><span class='ocrx_word' id='word_1_126' title='bbox 242 1745 375 1830; x_wconf 85' lang='lat' dir='ltr'><strong>tamque</strong></span> <span class='ocrx_word' id='word_1_127' title='bbox 402 1743 466 1811; x_wconf 90' lang='lat' dir='ltr'><strong>sibi</strong></span> <span class='ocrx_word' id='word_1_128' title='bbox 492 1765 532 1811; x_wconf 90' lang='lat' dir='ltr'><strong>ex</strong></span> <span class='ocrx_word' id='word_1_129' title='bbox 561 1743 685 1810; x_wconf 70' lang='lat' dir='ltr'><strong>nerano</strong></span> <span class='ocrx_word' id='word_1_130' title='bbox 713 1743 884 1829; x_wconf 85' lang='lat' dir='ltr'><strong>pecuniam</strong></span> <span class='ocrx_word' id='word_1_131' title='bbox 913 1742 1026 1811; x_wconf 83' lang='lat' dir='ltr'><strong>fruetis</strong></span> <span class='ocrx_word' id='word_1_132' title='bbox 1056 1742 1180 1810; x_wconf 82' lang='lat' dir='ltr'><strong>loribus</strong></span> <span class='ocrx_word' id='word_1_133' title='bbox 1211 1743 1257 1810; x_wconf 90' lang='lat' dir='ltr'><strong>in·</strong></span> 
     </span>
     <span class='ocr_line' id='line_1_19' title="bbox 242 1832 1257 1920; baseline 0.001 -23"><span class='ocrx_word' id='word_1_134' title='bbox 242 1832 331 1898; x_wconf 84' lang='lat' dir='ltr'><strong>uasit</strong></span> <span class='ocrx_word' id='word_1_135' title='bbox 351 1833 551 1919; x_wconf 86' lang='lat' dir='ltr'><strong>protulitque</strong></span> <span class='ocrx_word' id='word_1_136' title='bbox 574 1855 613 1899; x_wconf 87' lang='lat' dir='ltr'><strong>ex</strong></span> <span class='ocrx_word' id='word_1_137' title='bbox 631 1853 670 1900; x_wconf 89' lang='lat' dir='ltr'><strong>co</strong></span> <span class='ocrx_word' id='word_1_138' title='bbox 688 1833 758 1899; x_wconf 90' lang='lat' dir='ltr'><strong>auri</strong></span> <span class='ocrx_word' id='word_1_139' title='bbox 776 1833 886 1920; x_wconf 90' lang='lat' dir='ltr'><strong>pondo</strong></span> <span class='ocrx_word' id='word_1_140' title='bbox 904 1837 1059 1919; x_wconf 86' lang='lat' dir='ltr'><strong>quattuor</strong></span> <span class='ocrx_word' id='word_1_141' title='bbox 1077 1832 1168 1899; x_wconf 90' lang='lat' dir='ltr'><strong>milia</strong></span> <span class='ocrx_word' id='word_1_142' title='bbox 1186 1853 1257 1899; x_wconf 90' lang='lat' dir='ltr'><strong>cen·</strong></span> 
     </span>
     <span class='ocr_line' id='line_1_20' title="bbox 242 1921 1257 2010; baseline 0 -24"><span class='ocrx_word' id='word_1_143' title='bbox 242 1924 314 1987; x_wconf 87' lang='lat' dir='ltr'><strong>tum</strong></span> <span class='ocrx_word' id='word_1_144' title='bbox 332 1921 470 2008; x_wconf 85' lang='lat' dir='ltr'><strong>triginta</strong></span> <span class='ocrx_word' id='word_1_145' title='bbox 487 1925 521 1989; x_wconf 91' lang='lat' dir='ltr'><strong>et</strong></span> <span class='ocrx_word' id='word_1_146' title='bbox 538 1922 691 2009; x_wconf 87' lang='lat' dir='ltr'><strong>quinque,</strong></span> <span class='ocrx_word' id='word_1_147' title='bbox 710 1921 959 2010; x_wconf 89' lang='lat' dir='ltr'><strong>argentipondo</strong></span> <span class='ocrx_word' id='word_1_148' title='bbox 973 1942 1075 2008; x_wconf 90' lang='lat' dir='ltr'><strong>prope</strong></span> <span class='ocrx_word' id='word_1_149' title='bbox 1089 1923 1257 2007; x_wconf 89' lang='lat' dir='ltr'><strong>nongenta</strong></span> 
     </span>
     <span class='ocr_line' id='line_1_21' title="bbox 206 2008 1344 2098; baseline 0.002 -22"><span class='ocrx_word' id='word_1_150' title='bbox 206 2008 352 2076; x_wconf 71' lang='lat' dir='ltr'><strong>Omillia.</strong></span> <span class='ocrx_word' id='word_1_151' title='bbox 396 2011 470 2078; x_wconf 91' lang='lat' dir='ltr'><strong>inde</strong></span> <span class='ocrx_word' id='word_1_152' title='bbox 501 2011 666 2098; x_wconf 83' lang='lat' dir='ltr'><strong>digressus</strong></span> <span class='ocrx_word' id='word_1_153' title='bbox 698 2009 883 2077; x_wconf 77' lang='lat' dir='ltr'><strong>Ariminum</strong></span> <span class='ocrx_word' id='word_1_154' title='bbox 916 2009 957 2076; x_wconf 88' lang='lat' dir='ltr'><strong>ed</strong></span> <span class='ocrx_word' id='word_1_155' title='bbox 989 2009 1149 2097; x_wconf 81' lang='lat' dir='ltr'><strong>legiones,</strong></span> <span class='ocrx_word' id='word_1_156' title='bbox 1181 2030 1256 2077; x_wconf 86' lang='lat' dir='ltr'><strong>mor</strong></span> <span class='ocrx_word' id='word_1_157' title='bbox 1274 2037 1297 2078; x_wconf 70' lang='lat' dir='ltr'><strong>a</strong></span> <span class='ocrx_word' id='word_1_158' title='bbox 1310 2027 1344 2070; x_wconf 68' lang='grc' dir='ltr'><strong>ιι·</strong></span> 
     </span>
     <span class='ocr_line' id='line_1_22' title="bbox 243 2098 1297 2202; baseline -0.002 -36"><span class='ocrx_word' id='word_1_159' title='bbox 243 2099 346 2185; x_wconf 78' lang='lat' dir='ltr'><strong>Alpes</strong></span> <span class='ocrx_word' id='word_1_160' title='bbox 358 2103 563 2166; x_wconf 85' lang='lat' dir='ltr'><strong>transuectus</strong></span> <span class='ocrx_word' id='word_1_161' title='bbox 575 2098 756 2166; x_wconf 77' lang='lat' dir='ltr'><strong>Maecilium</strong></span> <span class='ocrx_word' id='word_1_162' title='bbox 774 2101 873 2183; x_wconf 82' lang='lat' dir='ltr'><strong>uenit,</strong></span> <span class='ocrx_word' id='word_1_163' title='bbox 890 2098 933 2165; x_wconf 87' lang='lat' dir='ltr'><strong>ad</strong></span> <span class='ocrx_word' id='word_1_164' title='bbox 951 2119 1048 2202; x_wconf 73' lang='lat' dir='ltr'><strong>quam</strong></span> <span class='ocrx_word' id='word_1_165' title='bbox 1068 2118 1257 2186; x_wconf 86' lang='lat' dir='ltr'><strong>oppugnau·</strong></span> <span class='ocrx_word' id='word_1_166' title='bbox 1271 2114 1297 2156; x_wconf 70' lang='grc' dir='ltr'><strong>ιι</strong></span> 
     </span>
     <span class='ocr_line' id='line_1_23' title="bbox 243 2185 1258 2273; baseline -0.002 -21"><span class='ocrx_word' id='word_1_167' title='bbox 243 2186 333 2273; x_wconf 91' lang='lat' dir='ltr'><strong>dam,</strong></span> <span class='ocrx_word' id='word_1_168' title='bbox 358 2209 417 2253; x_wconf 88' lang='lat' dir='ltr'><strong>cur</strong></span> <span class='ocrx_word' id='word_1_169' title='bbox 438 2191 589 2273; x_wconf 86' lang='lat' dir='ltr'><strong>receptus</strong></span> <span class='ocrx_word' id='word_1_170' title='bbox 611 2207 677 2253; x_wconf 90' lang='lat' dir='ltr'><strong>non</strong></span> <span class='ocrx_word' id='word_1_171' title='bbox 700 2191 800 2271; x_wconf 84' lang='lat' dir='ltr'><strong>essct,</strong></span> <span class='ocrx_word' id='word_1_172' title='bbox 826 2185 1024 2253; x_wconf 73' lang='lat' dir='ltr'><strong>&#39;Ibebonrum</strong></span> <span class='ocrx_word' id='word_1_173' title='bbox 1052 2207 1125 2253; x_wconf 91' lang='lat' dir='ltr'><strong>cum</strong></span> <span class='ocrx_word' id='word_1_174' title='bbox 1152 2185 1258 2252; x_wconf 86' lang='lat' dir='ltr'><strong>tribus</strong></span> 
     </span>
     <span class='ocr_line' id='line_1_24' title="bbox 244 2272 1257 2430; baseline -0.003 -88"><span class='ocrx_word' id='word_1_175' title='bbox 244 2275 431 2364; x_wconf 72' lang='lat' dir='ltr'><strong>legionibus</strong></span> <span class='ocrx_word' id='word_1_176' title='bbox 461 2277 659 2430; x_wconf 63' lang='lat' dir='ltr'><strong>relintffieus,</strong></span> <span class='ocrx_word' id='word_1_177' title='bbox 688 2275 731 2342; x_wconf 90' lang='lat' dir='ltr'><strong>ad</strong></span> <span class='ocrx_word' id='word_1_178' title='bbox 759 2274 936 2360; x_wconf 79' lang='lat' dir='ltr'><strong>Hispaniae</strong></span> <span class='ocrx_word' id='word_1_179' title='bbox 966 2272 1144 2360; x_wconf 86' lang='lat' dir='ltr'><strong>contendit,</strong></span> <span class='ocrx_word' id='word_1_180' title='bbox 1176 2295 1257 2360; x_wconf 86' lang='lat' dir='ltr'><strong>quas</strong></span> 
     </span>
     <span class='ocr_line' id='line_1_25' title="bbox 244 2361 1257 2448; baseline -0.002 -18"><span class='ocrx_word' id='word_1_181' title='bbox 244 2363 281 2430; x_wconf 83' lang='lat' dir='ltr'><strong>L.</strong></span> <span class='ocrx_word' id='word_1_182' title='bbox 307 2363 464 2430; x_wconf 77' lang='lat' dir='ltr'><strong>Afranius</strong></span> <span class='ocrx_word' id='word_1_183' title='bbox 495 2369 530 2430; x_wconf 87' lang='lat' dir='ltr'><strong>et</strong></span> <span class='ocrx_word' id='word_1_184' title='bbox 591 2414 599 2431; x_wconf 89' lang='lat'><strong>.</strong></span> <span class='ocrx_word' id='word_1_185' title='bbox 624 2362 771 2430; x_wconf 83' lang='lat' dir='ltr'><strong>Petreius</strong></span> <span class='ocrx_word' id='word_1_186' title='bbox 803 2369 837 2429; x_wconf 91' lang='lat' dir='ltr'><strong>et</strong></span> <span class='ocrx_word' id='word_1_187' title='bbox 866 2362 911 2430; x_wconf 81' lang='lat' dir='ltr'><strong>M.</strong></span> <span class='ocrx_word' id='word_1_188' title='bbox 933 2361 1040 2429; x_wconf 87' lang='lat' dir='ltr'><strong>Varro</strong></span> <span class='ocrx_word' id='word_1_189' title='bbox 1066 2361 1257 2448; x_wconf 88' lang='lat' dir='ltr'><strong>Pompeiani</strong></span> 
     </span>
     <span class='ocr_line' id='line_1_26' title="bbox 82 2447 1298 2540; baseline -0.008 -20"><span class='ocrx_word' id='word_1_190' title='bbox 82 2447 100 2471; x_wconf 75' lang='lat'><em>⁶</em></span> <span class='ocrx_word' id='word_1_191' title='bbox 244 2452 342 2520; x_wconf 86' lang='lat' dir='ltr'><strong>duces</strong></span> <span class='ocrx_word' id='word_1_192' title='bbox 369 2475 443 2520; x_wconf 91' lang='lat' dir='ltr'><strong>cum</strong></span> <span class='ocrx_word' id='word_1_193' title='bbox 469 2453 653 2540; x_wconf 82' lang='lat' dir='ltr'><strong>legionibus</strong></span> <span class='ocrx_word' id='word_1_194' title='bbox 676 2450 877 2518; x_wconf 86' lang='lat' dir='ltr'><strong>obtinebant</strong></span> <span class='ocrx_word' id='word_1_195' title='bbox 922 2451 968 2518; x_wconf 91' lang='lat' dir='ltr'><strong>ibi</strong></span> <span class='ocrx_word' id='word_1_196' title='bbox 990 2451 1102 2517; x_wconf 84' lang='lat' dir='ltr'><strong>multis</strong></span> <span class='ocrx_word' id='word_1_197' title='bbox 1124 2450 1258 2537; x_wconf 88' lang='lat' dir='ltr'><strong>proeliis</strong></span> <span class='ocrx_word' id='word_1_198' title='bbox 1271 2467 1298 2510; x_wconf 83' lang='lat' dir='ltr'><strong>rc</strong></span> 
     </span>
     <span class='ocr_line' id='line_1_27' title="bbox 245 2535 1256 2627; baseline -0.001 -20"><span class='ocrx_word' id='word_1_199' title='bbox 245 2535 410 2607; x_wconf 85' lang='lat' dir='ltr'><strong>Petreium</strong></span> <span class='ocrx_word' id='word_1_200' title='bbox 439 2540 674 2627; x_wconf 78' lang='lat' dir='ltr'><strong>Afraniumque</strong></span> <span class='ocrx_word' id='word_1_201' title='bbox 704 2543 876 2627; x_wconf 85' lang='lat' dir='ltr'><strong>superatos</strong></span> <span class='ocrx_word' id='word_1_202' title='bbox 906 2539 1078 2625; x_wconf 85' lang='lat' dir='ltr'><strong>conposita</strong></span> <span class='ocrx_word' id='word_1_203' title='bbox 1106 2539 1256 2624; x_wconf 89' lang='lat' dir='ltr'><strong>pactione</strong></span> 
     </span>
     <span class='ocr_line' id='line_1_28' title="bbox 210 2627 1256 2714; baseline 0.002 -22"><span class='ocrx_word' id='word_1_204' title='bbox 210 2629 379 2698; x_wconf 79' lang='lat' dir='ltr'><strong>tdimisit</strong></span> <span class='ocrx_word' id='word_1_205' title='bbox 424 2629 458 2696; x_wconf 93' lang='lat' dir='ltr'><strong>in</strong></span> <span class='ocrx_word' id='word_1_206' title='bbox 486 2629 638 2698; x_wconf 81' lang='lat' dir='ltr'><strong>ulteriore</strong></span> <span class='ocrx_word' id='word_1_207' title='bbox 663 2649 741 2696; x_wconf 90' lang='lat' dir='ltr'><strong>uero</strong></span> <span class='ocrx_word' id='word_1_208' title='bbox 769 2627 929 2714; x_wconf 86' lang='lat' dir='ltr'><strong>Hispania</strong></span> <span class='ocrx_word' id='word_1_209' title='bbox 956 2627 1035 2694; x_wconf 87' lang='lat' dir='ltr'><strong>duae</strong></span> <span class='ocrx_word' id='word_1_210' title='bbox 1063 2627 1209 2714; x_wconf 89' lang='lat' dir='ltr'><strong>legiones</strong></span> <span class='ocrx_word' id='word_1_211' title='bbox 1236 2649 1256 2694; x_wconf 85' lang='lat' dir='ltr'><strong>a</strong></span> 
     </span>
     <span class='ocr_line' id='line_1_29' title="bbox 240 2713 1257 2804; baseline -0.003 -17"><span class='ocrx_word' id='word_1_212' title='bbox 240 2717 286 2787; x_wconf 83' lang='grc' dir='ltr'><strong>Μ.</strong></span> <span class='ocrx_word' id='word_1_213' title='bbox 303 2713 455 2788; x_wconf 71' lang='lat' dir='ltr'><strong>,Varrone</strong></span> <span class='ocrx_word' id='word_1_214' title='bbox 477 2719 629 2804; x_wconf 85' lang='lat' dir='ltr'><strong>suscepit</strong></span> <span class='ocrx_word' id='word_1_215' title='bbox 670 2717 822 2783; x_wconf 83' lang='lat' dir='ltr'><strong>similiter</strong></span> <span class='ocrx_word' id='word_1_216' title='bbox 844 2721 879 2783; x_wconf 90' lang='lat' dir='ltr'><strong>et</strong></span> <span class='ocrx_word' id='word_1_217' title='bbox 900 2717 997 2783; x_wconf 86' lang='lat' dir='ltr'><strong>duces</strong></span> <span class='ocrx_word' id='word_1_218' title='bbox 1019 2716 1099 2800; x_wconf 87' lang='lat' dir='ltr'><strong>eius,</strong></span> <span class='ocrx_word' id='word_1_219' title='bbox 1121 2715 1184 2783; x_wconf 88' lang='lat' dir='ltr'><strong>hoo</strong></span> <span class='ocrx_word' id='word_1_220' title='bbox 1206 2721 1257 2784; x_wconf 87' lang='lat' dir='ltr'><strong>est</strong></span> 
     </span>
     <span class='ocr_line' id='line_1_30' title="bbox 242 2797 1256 2892; baseline -0.004 -17"><span class='ocrx_word' id='word_1_221' title='bbox 242 2797 343 2876; x_wconf 64' lang='lat' dir='ltr'><strong>ouria</strong></span> <span class='ocrx_word' id='word_1_222' title='bbox 365 2805 526 2874; x_wconf 80' lang='lat' dir='ltr'><strong>Catonem</strong></span> <span class='ocrx_word' id='word_1_223' title='bbox 547 2805 661 2874; x_wconf 83' lang='lat' dir='ltr'><strong>Sicilia</strong></span> <span class='ocrx_word' id='word_1_224' title='bbox 687 2804 824 2892; x_wconf 87' lang='lat' dir='ltr'><strong>expulit,</strong></span> <span class='ocrx_word' id='word_1_225' title='bbox 851 2803 1005 2872; x_wconf 82' lang='lat' dir='ltr'><strong>Valerius</strong></span> <span class='ocrx_word' id='word_1_226' title='bbox 1028 2801 1159 2872; x_wconf 85' lang='lat' dir='ltr'><strong>Guttam</strong></span> <span class='ocrx_word' id='word_1_227' title='bbox 1183 2803 1256 2873; x_wconf 71' lang='lat' dir='ltr'><strong>Sar</strong></span> 
     </span>
     <span class='ocr_line' id='line_1_31' title="bbox 240 2891 1296 2983; baseline -0.009 -18"><span class='ocrx_word' id='word_1_228' title='bbox 240 2897 340 2983; x_wconf 77' lang='lat' dir='ltr'><strong>dinis,</strong></span> <span class='ocrx_word' id='word_1_229' title='bbox 361 2895 565 2965; x_wconf 83' lang='lat' dir='ltr'><strong>Tuberonem</strong></span> <span class='ocrx_word' id='word_1_230' title='bbox 587 2895 700 2963; x_wconf 76' lang='lat' dir='ltr'><strong>Africa</strong></span> <span class='ocrx_word' id='word_1_231' title='bbox 722 2893 830 2962; x_wconf 82' lang='lat' dir='ltr'><strong>Vama</strong></span> <span class='ocrx_word' id='word_1_232' title='bbox 853 2895 957 2962; x_wconf 87' lang='lat' dir='ltr'><strong>eiecit</strong></span> <span class='ocrx_word' id='word_1_233' title='bbox 998 2891 1118 2962; x_wconf 84' lang='lat' dir='ltr'><strong>anaar</strong></span> <span class='ocrx_word' id='word_1_234' title='bbox 1139 2893 1296 2962; x_wconf 82' lang='lat' dir='ltr'><strong>Masei-ao</strong></span> 
     </span>
     <span class='ocr_line' id='line_1_32' title="bbox 192 2983 1256 3072; baseline 0 -20"><span class='ocrx_word' id='word_1_235' title='bbox 192 2997 203 3038; x_wconf 88' lang='lat'><strong>·&#39;</strong></span> <span class='ocrx_word' id='word_1_236' title='bbox 240 2987 319 3052; x_wconf 86' lang='lat' dir='ltr'><strong>liam</strong></span> <span class='ocrx_word' id='word_1_237' title='bbox 341 2985 477 3072; x_wconf 82' lang='lat' dir='ltr'><strong>rediens,</strong></span> <span class='ocrx_word' id='word_1_238' title='bbox 499 2985 666 3052; x_wconf 86' lang='lat' dir='ltr'><strong>obsidione</strong></span> <span class='ocrx_word' id='word_1_239' title='bbox 690 2983 847 3050; x_wconf 85' lang='lat' dir='ltr'><strong>domitam</strong></span> <span class='ocrx_word' id='word_1_240' title='bbox 870 2983 942 3050; x_wconf 89' lang='lat' dir='ltr'><strong>uita</strong></span> <span class='ocrx_word' id='word_1_241' title='bbox 962 2987 1091 3050; x_wconf 87' lang='lat' dir='ltr'><strong>tautum</strong></span> <span class='ocrx_word' id='word_1_242' title='bbox 1109 2987 1144 3049; x_wconf 89' lang='lat' dir='ltr'><strong>et</strong></span> <span class='ocrx_word' id='word_1_243' title='bbox 1160 2983 1256 3052; x_wconf 87' lang='lat' dir='ltr'><strong>libar-</strong></span> 
     </span>
     <span class='ocr_line' id='line_1_33' title="bbox 240 3072 900 3143; baseline -0.008 0"><span class='ocrx_word' id='word_1_244' title='bbox 240 3079 310 3142; x_wconf 81' lang='lat' dir='ltr'><strong>tate</strong></span> <span class='ocrx_word' id='word_1_245' title='bbox 332 3095 487 3143; x_wconf 70' lang='lat' dir='ltr'><strong>conamen</strong></span> <span class='ocrx_word' id='word_1_246' title='bbox 508 3073 624 3142; x_wconf 63' lang='lat' dir='ltr'><strong>cebris</strong></span> <span class='ocrx_word' id='word_1_247' title='bbox 647 3072 745 3140; x_wconf 82' lang='lat' dir='ltr'><strong>rebus</strong></span> <span class='ocrx_word' id='word_1_248' title='bbox 766 3072 900 3140; x_wconf 85' lang='lat' dir='ltr'><strong>abrasit</strong></span> 
     </span>
     <span class='ocr_line' id='line_1_34' title="bbox 207 3158 1255 3248; baseline 0.001 -21"><span class='ocrx_word' id='word_1_249' title='bbox 207 3174 227 3227; x_wconf 78' lang='lat' dir='ltr'><strong>s</strong></span> <span class='ocrx_word' id='word_1_250' title='bbox 310 3163 359 3230; x_wconf 77' lang='lat' dir='ltr'><strong>Ar</strong></span> <span class='ocrx_word' id='word_1_251' title='bbox 387 3184 467 3231; x_wconf 91' lang='lat' dir='ltr'><strong>uero</strong></span> <span class='ocrx_word' id='word_1_252' title='bbox 493 3160 669 3230; x_wconf 86' lang='lat' dir='ltr'><strong>Dolabella</strong></span> <span class='ocrx_word' id='word_1_253' title='bbox 699 3161 843 3248; x_wconf 84' lang='lat' dir='ltr'><strong>partium</strong></span> <span class='ocrx_word' id='word_1_254' title='bbox 874 3158 1024 3228; x_wconf 70' lang='lat' dir='ltr'><strong>casuris</strong></span> <span class='ocrx_word' id='word_1_255' title='bbox 1054 3160 1091 3228; x_wconf 92' lang='lat' dir='ltr'><strong>in</strong></span> <span class='ocrx_word' id='word_1_256' title='bbox 1122 3159 1255 3247; x_wconf 74' lang='lat' dir='ltr'><strong>Illyrico</strong></span> 
     </span>
     <span class='ocr_line' id='line_1_35' title="bbox 241 3248 1256 3342; baseline -0.005 -21"><span class='ocrx_word' id='word_1_257' title='bbox 241 3274 302 3342; x_wconf 89' lang='lat' dir='ltr'><strong>per</strong></span> <span class='ocrx_word' id='word_1_258' title='bbox 323 3250 495 3320; x_wconf 89' lang='lat' dir='ltr'><strong>Octauium</strong></span> <span class='ocrx_word' id='word_1_259' title='bbox 516 3255 551 3318; x_wconf 90' lang='lat' dir='ltr'><strong>ct</strong></span> <span class='ocrx_word' id='word_1_260' title='bbox 571 3251 730 3321; x_wconf 84' lang='lat' dir='ltr'><strong>libonem</strong></span> <span class='ocrx_word' id='word_1_261' title='bbox 757 3251 863 3319; x_wconf 88' lang='lat' dir='ltr'><strong>uictus</strong></span> <span class='ocrx_word' id='word_1_262' title='bbox 885 3248 1052 3338; x_wconf 83' lang='lat' dir='ltr'><strong>copiisque</strong></span> <span class='ocrx_word' id='word_1_263' title='bbox 1075 3254 1190 3316; x_wconf 82' lang='lat' dir='ltr'><strong>erutus</strong></span> <span class='ocrx_word' id='word_1_264' title='bbox 1214 3250 1256 3316; x_wconf 87' lang='lat' dir='ltr'><strong>ad</strong></span> 
     </span>
    </p>
   </div>
   <div class='ocr_carea' id='block_1_3' title="bbox 241 3336 1297 3604">
    <p class='ocr_par' dir='ltr' id='par_1_3' title="bbox 241 3336 1297 3604">
     <span class='ocr_line' id='line_1_36' title="bbox 241 3336 1297 3430; baseline -0.01 -20"><span class='ocrx_word' id='word_1_265' title='bbox 241 3341 422 3411; x_wconf 79' lang='lat' dir='ltr'><strong>Antonium</strong></span> <span class='ocrx_word' id='word_1_266' title='bbox 452 3341 546 3430; x_wconf 64' lang='lat' dir='ltr'><strong>iugit-</strong></span> <span class='ocrx_word' id='word_1_267' title='bbox 591 3338 722 3409; x_wconf 84' lang='lat' dir='ltr'><strong>Basilus</strong></span> <span class='ocrx_word' id='word_1_268' title='bbox 751 3343 785 3407; x_wconf 88' lang='lat' dir='ltr'><strong>et</strong></span> <span class='ocrx_word' id='word_1_269' title='bbox 813 3337 986 3409; x_wconf 79' lang='lat' dir='ltr'><strong>Sallustius</strong></span> <span class='ocrx_word' id='word_1_270' title='bbox 1016 3359 1086 3407; x_wconf 78' lang='lat' dir='ltr'><strong>nem</strong></span> <span class='ocrx_word' id='word_1_271' title='bbox 1115 3336 1255 3428; x_wconf 83' lang='lat' dir='ltr'><strong>singulis</strong></span> <span class='ocrx_word' id='word_1_272' title='bbox 1268 3353 1297 3399; x_wconf 80' lang='lat' dir='ltr'><strong>aa</strong></span> 
     </span>
     <span class='ocr_line' id='line_1_37' title="bbox 242 3427 1257 3518; baseline -0.003 -21"><span class='ocrx_word' id='word_1_273' title='bbox 242 3430 437 3516; x_wconf 76' lang='lat' dir='ltr'><strong>legioustur,</strong></span> <span class='ocrx_word' id='word_1_274' title='bbox 467 3429 585 3518; x_wconf 82' lang='lat' dir='ltr'><strong>quibus</strong></span> <span class='ocrx_word' id='word_1_275' title='bbox 617 3433 804 3516; x_wconf 83' lang='lat' dir='ltr'><strong>praeerant,</strong></span> <span class='ocrx_word' id='word_1_276' title='bbox 835 3427 987 3496; x_wconf 82' lang='lat' dir='ltr'><strong>similiter</strong></span> <span class='ocrx_word' id='word_1_277' title='bbox 1018 3432 1053 3495; x_wconf 91' lang='lat' dir='ltr'><strong>et</strong></span> <span class='ocrx_word' id='word_1_278' title='bbox 1082 3428 1257 3514; x_wconf 82' lang='lat' dir='ltr'><strong>Antonius,</strong></span> 
     </span>
     <span class='ocr_line' id='line_1_38' title="bbox 241 3515 1256 3604; baseline -0.002 -20"><span class='ocrx_word' id='word_1_279' title='bbox 241 3517 438 3586; x_wconf 83' lang='lat' dir='ltr'><strong>Hortensius</strong></span> <span class='ocrx_word' id='word_1_280' title='bbox 466 3535 594 3604; x_wconf 82' lang='lat' dir='ltr'><strong>quoqne</strong></span> <span class='ocrx_word' id='word_1_281' title='bbox 623 3517 677 3584; x_wconf 83' lang='lat' dir='ltr'><strong>ab&#39;</strong></span> <span class='ocrx_word' id='word_1_282' title='bbox 694 3515 807 3583; x_wconf 84' lang='lat' dir='ltr'><strong>intimo</strong></span> <span class='ocrx_word' id='word_1_283' title='bbox 838 3515 921 3582; x_wconf 86' lang='lat' dir='ltr'><strong>mari</strong></span> <span class='ocrx_word' id='word_1_284' title='bbox 949 3536 1024 3583; x_wconf 84' lang='lat' dir='ltr'><strong>curn</strong></span> <span class='ocrx_word' id='word_1_285' title='bbox 1050 3516 1152 3583; x_wconf 82' lang='lat' dir='ltr'><strong>classe</strong></span> <span class='ocrx_word' id='word_1_286' title='bbox 1179 3536 1256 3583; x_wconf 90' lang='lat' dir='ltr'><strong>con·</strong></span> 
     </span>
    </p>
   </div>
   <div class='ocr_carea' id='block_1_4' title="bbox 0 0 1380 3800">
    <p class='ocr_par' dir='ltr' id='par_1_4' title="bbox 0 0 1380 3800">
     <span class='ocr_line' id='line_1_39' title="bbox 0 0 1380 3800; baseline 0 0"><span class='ocrx_word' id='word_1_287' title='bbox 0 0 1380 3800; x_wconf 95' lang='lat' dir='ltr'><strong> </strong></span> 
     </span>
    </p>
   </div>
  </div>
 </body>
</html>
