2714 3788
312 65 867 124 mvunsvuesumsoevus.1o.
1027 64 1091 132 251

148 206 245 274 Anno
264 207 306 274 sb
324 207 404 274 urbe
422 207 553 275 condito
570 201 775 277 mcccxxvru
789 207 893 292 Titus,
911 230 946 276 se

82 319 103 362 u
129 316 263 363 numero
291 295 474 382 principum
499 293 628 364 Othone
657 301 691 362 et
713 295 848 363 Vitellio
875 297 918 363 ub
941 227 1091 400 {degusto

83 388 230 468 munus,
263 381 396 449 biennio
425 387 502 467 post
528 381 765 468 Vespasianum
795 383 955 472 regnauit
999 405 1093 450 curus

1005 209 1146 298 getisn
1284 257 1287 268 .

82 475 176 538 suu
197 469 1093 557 ermquiuiessinimporioluit,utnu11ius0muino
1188 555 1191 560 Ι
1273 479 1296 504 ·-
1347 435 1348 498 ἱ

43 559 275 644 sseuguinem
306 559 342 624 in
373 559 539 645 republica
569 559 829 627 sdministreuds
859 558 981 626 fudisse
1012 560 1093 628 reie-

81 653 181 715 retur.
231 649 265 714 et
289 649 401 715 temen
429 651 507 714 tunc
533 645 657 714 Romee
685 652 757 715 orto
785 652 917 734 repente
943 647 1147 716 incendisse
1272 699 1286 757 ¹,
1347 629 1348 644 ¹

81 736 238 823 plurimes
261 735 358 803 cedes
379 734 529 822 publices
552 740 775 805 concrematae
797 741 884 803 suut
919 735 1094 823 abruptum

81 831 160 892 tuuc
186 824 284 891 etium
308 821 402 890 Bcbii
429 825 552 892 montis
579 825 735 893 uerticem
762 845 884 910 megus
910 824 1094 911 profudisse

82 911 230 980 incendis
255 911 367 979 ierunt
388 912 652 1001 torrentibusque
678 912 882 980 flemmarum
910 912 1019 980 uicino
1044 934 1094 980 re-

43 1019 70 1060 1⁰
82 1001 188 1090 pionis
210 1021 284 1068 cum
307 999 442 1067 urbibus
464 1000 713 1088 hominibusque
735 1000 870 1068 delesse.
905 999 1000 1068 'litus
1018 1021 1091 1068 cum
1111 1017 1145 1071 ee

82 1089 206 1179 ingenti
224 1089 369 1157 omnium
392 1088 482 1158 luctu
505 1089 675 1158 incudem
698 1088 788 1176 cillo,
811 1111 876 1178 quc
897 1093 993 1177 peter
1015 1089 1095 1177 eius,

81 1179 196 1248 morbo
219 1178 412 1265 obsumptus
436 1184 496 1248 est.

8 1285 69 1332 rus
149 1265 254 1336 'Anno
282 1266 324 1335 ub
351 1267 432 1335 urbe
455 1267 585 1336 conditu
606 1284 774 1338 »cccxxx
796 1267 1005 1336 Domitianus
1027 1265 1094 1334 Titi
1110 1281 1151 1339 lt

81 1357 191 1445 buter,
214 1359 256 1426 sb
279 1357 430 1448 Augusto
452 1379 575 1445 nonus,
596 1356 693 1427 fratri
715 1355 872 1426 successit
893 1357 929 1425 in
950 1376 1094 1446 reguum.

43 1449 138 1534 oqui
164 1470 223 1536 per
250 1469 353 1516 uunos
375 1467 423 1552 ιν.
446 1448 487 1516 ed
513 1449 576 1516 hoc
599 1447 758 1552 pculutim
778 1469 839 1552 per
861 1468 973 1515 omncs
996 1447 1095 1514 scele-

81 1536 526 1693 ¹dudinistdnlldddlesldldullutldt
539 1536 1094 1712 uffippprucppppprlprppppmtopqmpppe

82 1711 181 1781 donis
205 1713 319 1782 edictis
342 1713 523 1782 conuellere
546 1713 689 1780 cuderet.
726 1713 755 1780 is
776 1714 812 1780 in
834 1716 959 1780 tentum
982 1713 1129 1800 super-¹

81 1801 170 1868 bium
191 1804 363 1889 prolepsus
386 1801 458 1887 fuit,
480 1804 519 1868 ut
536 1800 705 1869 domiuum
722 1822 794 1869 sese
812 1822 850 1868 uc
868 1800 965 1868 deum
983 1800 1094 1868 noceri

44 1903 70 1948 u
83 1889 182 1957 scribi
200 1891 326 1977 colique
349 1889 491 1958 iusserit.
527 1889 750 1957 nobilissimos
773 1911 790 1956 e
813 1893 929 1956 seuutu
951 1888 1093 1956 inuidice

82 1978 178 2046 simul
207 2001 245 2047 uc
271 1980 410 2066 praedes
438 1999 537 2047 ceusu
564 1978 648 2046 elice
675 1976 785 2068 pulum
808 1977 984 2062 interiecit,
1011 1977 1093 2045 ulios

80 2069 115 2136 in
138 2067 271 2136 exilium
294 2069 394 2137 trusit
415 2067 525 2157 ibique
548 2068 702 2137 trucidari
724 2069 908 2155 impersuit
947 2066 1093 2136 libidinis

81 2156 334 2246 intemperentia
352 2158 509 2246 quidquid
528 2158 666 2246 cogituri
684 2163 804 2246 potest,
820 2157 906 2226 fecit
933 2155 1093 2244 plurimes

81 2246 173 2315 urbis
200 2247 295 2315 cedes
323 2247 498 2315 destructis
526 2247 637 2337 populi
660 2247 801 2316 llomsni
824 2247 920 2314 rebus
943 2247 1094 2314 extruxit

31 2351 70 2394 ’ἥ
82 2335 203 2404 bellum
218 2337 391 2405 sduersum
405 2336 585 2405 Germanos
600 2340 635 2405 et
647 2336 752 2406 Dacos
771 2359 829 2424 per
847 2337 974 2424 legetor
992 2334 1094 2424 gessit
1111 2353 1129 2408 t

82 2427 155 2512 peri
181 2425 380 2514 reipublicae
406 2427 563 2514 pernicie,
590 2448 663 2494 cum
691 2433 725 2494 et
751 2428 786 2494 in
808 2426 888 2494 urbe
911 2425 982 2514 ipse
1004 2447 1094 2493 senu-

82 2519 152 2582 tum
179 2515 398 2604 populumque
427 2515 567 2584 lenieret
592 2519 626 2582 et
648 2515 729 2584 forie
752 2516 838 2583 mule
861 2515 1093 2582 circumectum

40 2607 42 2610 ’
83 2607 258 2672 exercitum
273 2605 409 2672 sdsiduu
423 2604 534 2672 hostes
547 2605 645 2673 ccede
656 2605 859 2674 conticerent.
881 2625 958 2671 uem
972 2606 1095 2692 qusnts
1111 2623 1130 2676 e

83 2692 204 2761 luerint
234 2692 415 2780 Diurpunei
446 2691 611 2762 Decorum
646 2695 733 2781 regis
769 2716 842 2761 cum
873 2691 979 2760 Fusco
1014 2692 1095 2760 duce

43 2783 207 2872 ”proelis
236 2788 439 2941 quoutscqpe
467 2782 689 2851 Romnuorum
718 2782 842 2869 eludes,
871 2783 972 2869 longo
1001 2785 1095 2850 textu

82 2874 275 2961 euoluerem,
296 2872 363 2942 nisi
408 2873 550 2942 oruelius
573 2871 716 2960 Troilus,
738 2872 794 2961 qui
816 2872 902 2940 benc
923 2870 1094 2940 historiem

81 2963 330 3050 diligentissime
363 2964 541 3049 contexuit,
576 2962 616 3031 de
652 2961 817 3032 reticendo
849 2961 1094 3066 interfectorum

80 3073 215 3120 numero
233 3057 269 3121 et
285 3051 476 3121 Sallustium
496 3050 645 3140 Crispum
664 3056 698 3119 et
716 3053 797 3120 elios
817 3056 965 3120 eucwres
984 3071 1094 3138 quom·

81 3139 238 3225 plurimos
265 3142 411 3208 sonnisse
438 3145 473 3208 et
499 3162 534 3208 se
560 3142 668 3226 ipsum
690 3139 776 3208 idem
799 3139 1007 3228 potissimum
1031 3139 1094 3206 ele·

41 3238 69 3281 κ
82 3225 168 3308 qisse
195 3227 340 3295 dixisset.
384 3228 593 3296 Domitianus
622 3235 732 3295 mmeu
761 3227 959 3315 pronissime
987 3227 1094 3294 elutus

82 3309 252 3396 isetuutiu,
285 3314 347 3379 sub
380 3315 513 3382 nomine
543 3319 769 3401 superstorum
798 3315 943 3383 hostiurn
973 3315 1013 3380 de
1042 3335 1094 3380 ex·
1261 3389 1264 3394 ¹

8 3394 199 3461 sustinctis
221 3397 406 3484 legionibus
431 3401 663 3486 ¹triumpbuuit
692 3403 842 3490 idemque
865 3401 1018 3470 ederetus
1041 3421 1129 3474 suu

8 3651 33 3716 ἰ
