2744 3800
196 212 201 220 Α
249 128 315 194 242
493 131 601 184 PAVLI
619 131 742 186 0808ss
760 129 1008 185 merosusvu

246 297 318 342 rere
344 275 473 342 hmtem
500 275 626 342 uiribus
654 274 782 359 otiosis,
815 273 1025 341 Germaniam
1053 272 1258 360 Galliamque

245 385 446 450 percurrens,
467 364 501 431 in
526 385 584 431 ora
602 363 722 431 Oceani
741 363 826 430 circa
843 367 1049 450 prospectum
1068 361 1259 429 Britanniae

204 529 214 542 ‚
245 453 378 519 restitit.
426 474 562 540 cumque
598 453 645 520 ibi
676 451 997 539 Minocynobelinum
1029 450 1259 518 Britannorum

138 585 141 590 -
206 567 209 574 ’
247 542 334 630 regis
352 541 464 629 tilium,
488 542 544 630 qui
567 564 587 609 a
608 546 702 628 patre
720 542 833 630 pulsus
851 562 924 608 cum
942 539 1054 628 paucis
1074 539 1258 621 oberrabat,

247 632 282 698 in
304 631 502 699 deditionem
524 633 711 720 recepisset,
738 631 905 700 deficiente
932 629 1011 697 belli
1034 630 1171 698 materia
1194 627 1286 697 ilo-s

203 733 230 809 ‚⁸
246 743 335 788 mam
356 721 461 790 rediit.
496 720 599 790 isdem
622 725 731 790 autem
748 721 862 789 diebus
880 719 1000 806 ludaei,
1022 719 1078 808 qui
1096 719 1162 788 iam
1180 723 1258 788 tuno

136 873 141 880 .
207 835 214 849 ·
246 813 290 879 ob
307 812 492 899 passionem
510 809 634 880 Christi
657 811 780 881 meritis
804 811 922 900 ubique
945 809 1091 879 cladibus
1115 809 1257 898 exagita-

245 900 376 988 bantur,
393 901 480 989 apud
498 901 728 970 Alexandriam
746 901 903 969 reditione
921 901 1072 986 excitata,
1090 900 1258 988 profligati

245 991 343 1058 caede
370 996 466 1078 atque
493 991 572 1058 urbe
600 991 762 1080 propulsi,
788 991 1077 1078 expromendarum
1100 989 1256 1077 querella-

245 1101 319 1146 rum
341 1080 440 1146 oauia
461 1079 633 1147 Philonem
657 1079 830 1168 quendam,
852 1080 960 1147 uirum
984 1102 1062 1148 sane
1084 1081 1121 1146 in
1143 1081 1257 1167 primis
1273 1099 1299 1141 ro

208 1166 421 1254 temditum,
448 1169 594 1257 legatum
622 1169 664 1236 ad
687 1167 860 1236 Gaesarem
883 1169 1049 1237 miserant
1094 1169 1150 1235 sed
1174 1166 1259 1236 Gali·

245 1257 323 1345 gala
348 1279 423 1326 cum
449 1258 600 1326 omuibus
628 1257 814 1326 homiuibus
841 1263 911 1325 tum
935 1257 1107 1345 praecipue
1129 1257 1257 1325 Iudaeis

244 1345 490 1432 infestissimus,
516 1353 628 1433 spreta
651 1349 813 1436 legatione
835 1347 985 1417 Philonia
1008 1369 1122 1415 omnes
1145 1345 1257 1414 Iudae·

244 1457 338 1502 orum
365 1457 473 1504 seems
497 1437 588 1503 sedes
611 1441 708 1524 atque
731 1438 766 1503 in
788 1437 903 1521 primia
926 1437 1096 1523 antiquum
1119 1437 1199 1503 illud
1221 1437 1257 1502 in

244 1521 480 1612 Hierosolymis
498 1523 683 1592 sacralrium
704 1525 872 1613 profanari
896 1526 1061 1593 sacrificiis
1085 1523 1256 1613 gentilium
1275 1547 1319 1595 a«

245 1635 284 1682 ao
313 1614 430 1701 repleri
460 1615 578 1682 statuis
609 1615 852 1704 simulacrisque
882 1615 1056 1702 imperauit
1082 1636 1181 1703 seque
1210 1613 1256 1680 ibi
1272 1633 1297 1675 rr

207 1707 284 1772 aut
310 1703 404 1773 doum
432 1705 495 1773 coli
521 1706 694 1794 praecepit
740 1705 865 1774 Pilatus
893 1709 1002 1773 autem
1029 1727 1174 1792 praeses,
1202 1702 1257 1792 qui

245 1795 439 1864 sententiam
457 1796 675 1865 damnationis
694 1796 728 1864 in
746 1793 913 1865 Christum
932 1795 1064 1870 dixerat.
1082 1799 1257 1884 postquam

244 1887 401 1974 plurimas
428 1887 604 1955 seditiones
630 1887 665 1954 in
692 1885 928 1975 Hierosolymis
955 1886 1082 1973 excepit
1108 1908 1146 1954 ao
1171 1883 1258 1974 fecit,

244 1976 349 2042 meis
371 1975 543 2064 inrogante
565 1977 649 2044 Gaio
671 1977 848 2064 angoribus
871 1979 1036 2045 coartatus
1058 1981 1118 2062 est,
1140 1980 1178 2043 ut
1198 1993 1299 2043 suaso

245 2085 282 2130 se
303 2064 568 2132 transuerberans
595 2088 694 2133 manu
722 2065 880 2133 malorum
901 2065 1119 2152 conpendium
1142 2067 1257 2132 mortis

210 2153 411 2221 sceleritate
438 2152 621 2240 quaesierit
666 2153 768 2222 Gaius
796 2153 947 2242 Caligula
972 2152 1162 2222 libidinibus
1190 2154 1257 2221 suis

245 2242 344 2308 etiam
370 2242 451 2309 illud
479 2243 608 2310 sceleris
636 2243 768 2330 adiecit,
795 2246 833 2311 ut
859 2265 986 2311 sorores
1014 2265 1090 2310 suas
1117 2243 1258 2330 primum

245 2335 361 2418 stupro
391 2331 563 2418 pollueret,
593 2331 707 2400 deinde
739 2332 837 2401 exilio
868 2333 1045 2400 damnaret
1095 2333 1151 2418 qui
1183 2337 1260 2419 post

246 2439 360 2486 omnes
382 2419 479 2486 simul
502 2420 612 2487 exules
635 2421 733 2488 iussit
753 2420 864 2489 oeoidi
909 2421 979 2507 ipse
1008 2423 1117 2488 autem
1144 2443 1164 2487 a
1192 2421 1258 2488 suis
1272 2439 1298 2480 ιι

194 2517 231 2572 ιο
246 2507 486 2594 protectoribus
508 2509 635 2576 occisus
657 2513 716 2575 est
754 2509 817 2577 duo
839 2508 944 2575 libelli
966 2509 1000 2575 in
1023 2507 1164 2576 soleretis
1188 2509 1257 2576 eius
1274 2527 1319 2578 n«

245 2595 367 2680 reperti
396 2601 487 2680 sunt,
518 2619 655 2699 quorum
686 2597 781 2663 alteri
813 2598 945 2683 pugio,
976 2597 1071 2664 alteri
1103 2595 1259 2685 gladius

246 2704 308 2769 pro
324 2683 426 2770 signo
447 2684 589 2751 nominis
612 2684 811 2770 adscriptum
833 2689 918 2751 erat:
946 2685 1043 2752 ambo
1065 2685 1259 2753 lectissimo·

246 2792 319 2838 rum
342 2771 485 2838 uirorum
508 2772 676 2858 utriusque
699 2771 830 2858 ordinis,
852 2773 1006 2840 senatorii
1029 2779 1064 2841 et
1087 2773 1257 2860 equestris,

247 2859 382 2929 nomina
403 2862 438 2928 et
458 2863 556 2929 notae
578 2861 791 2945 continebant
811 2859 910 2930 morti
932 2861 1175 2930 destinatorum
1211 2861 1259 2928 in·
1272 2879 1299 2922 eo

247 2955 347 3015 asnia
368 2954 421 3015 est
441 2952 476 3016 et
497 2971 573 3017 arca
590 2951 706 3038 ingene
729 2950 892 3017 uariorum
911 2973 1120 3038 uenenorum,
1142 2950 1258 3040 quibus

247 3056 323 3102 mox
346 3033 483 3104 Olsudio
505 3034 644 3104 Caesus
670 3037 803 3105 iubente
828 3037 983 3104 demersis
1009 3040 1130 3107 iniecta
1156 3041 1260 3106 maria

236 3123 422 3191 ¹medentur
442 3145 509 3192 non
531 3125 603 3192 aine
623 3145 743 3212 magno
760 3125 899 3212 piscium
917 3127 1026 3213 exitio,
1048 3149 1130 3214 quos
1149 3149 1260 3195 eueca¹

247 3216 300 3280 boe
400 3213 549 3300 proxima
571 3213 669 3282 litora
690 3215 814 3302 passim
837 3217 947 3282 aestua
969 3215 1071 3283 eiecit

197 3312 230 3366 ιι
350 3321 470 3408 agnum
499 3324 614 3371 reuera
641 3302 796 3371 indicium
825 3303 1009 3372 miserentis
1037 3303 1098 3371 Dei
1128 3307 1298 3391 proptera

250 3389 441 3482 suffragium
459 3391 585 3482 gratiae
603 3393 639 3462 in
661 3393 816 3482 populum
838 3393 994 3462 motiano
1017 3414 1056 3462 ex
1078 3398 1170 3484 parts
1192 3414 1259 3462 ors·

250 3479 391 3548 diturum
414 3487 449 3550 et
468 3487 604 3570 propter
628 3483 696 3552 irae
724 3487 1014 3571 temperamentum
1041 3484 1077 3552 iu
1103 3484 1259 3572 populum
