2826 3784
274 169 340 235 148
517 171 626 225 rium
643 173 766 226 ouosn
783 172 1032 226 msuomsnvss

75 261 98 387 l
224 323 230 332 '
269 311 414 399 depulsis
436 311 588 380 hostibus
609 311 762 380 liber-suit
783 317 816 380 et
837 313 873 380 in
895 311 1091 381 deditionem
1114 333 1188 380 eum
1209 312 1279 398 plu·

268 401 361 468 rimis
379 401 454 467 sliis
472 402 614 469 sustollis
631 403 761 488 reoepit
797 402 875 469 lesit
892 401 1018 470 lucinus
1037 403 1137 470 etism
1155 401 1278 470 ultimis

269 489 418 555 burbsris
434 487 598 576 Soyffiius,
618 511 685 558 non
702 491 808 558 dicum
830 488 996 558 Romarm
1018 491 1094 558 lidei
1116 495 1152 558 et
1173 491 1280 558 mode·

268 576 399 662 rutioni,
411 576 617 644 erseorubilu
643 577 829 664 quingentis
843 579 929 644 enim
942 578 1142 665 principibus
1157 600 1279 665 eorum,

77 635 81 722 f
235 699 240 708 ·
268 686 350 753 quos
367 664 521 733 mmetute
539 666 693 734 inuitatos
713 663 893 734 ldeditionis
910 665 981 733 iuro
998 671 1193 754 susceperat,
1211 688 1278 735 me·
1295 692 1318 734 e
1331 683 1372 728 u

266 775 331 820 nus
352 755 517 840 praecidit
1290 772 1304 816 s

49 913 93 968 1,1
214 853 251 904 1⁸
335 841 507 943 Pompeius
534 843 699 927 sequentis
721 843 799 908 unni
821 842 934 910 oonsul
957 843 1037 910 lines
1058 843 1277 912 Numantinu-

266 947 341 994 rum
368 947 534 1012 mgrsssus
562 934 695 1014 sooeptu
723 929 864 996 murimu
893 929 983 995 elide
1015 929 1178 1014 discessit,
1208 950 1276 997 non

267 1013 375 1082 solum
405 1015 549 1082 exsrdtu
578 1037 679 1102 poene
711 1016 800 1083 omni
831 1015 1006 1104 profligato
1035 1038 1148 1084 uerum
1178 1016 1277 1084 etium

266 1101 416 1190 plurimis
433 1103 601 1189 nobilium,
618 1103 675 1190 qui
692 1103 724 1170 ei
741 1103 879 1171 milities
897 1105 1041 1189 ederunt,
1063 1104 1277 1191 interemptis.
1290 1122 1317 1165 ιο

74 1181 79 1193 ’
212 1203 251 1256 ιι
333 1188 480 1260 Viriutus
502 1195 611 1260 sutem
633 1213 707 1260 oum
729 1213 788 1280 per
809 1191 1066 1280 quuttuordeoim
1090 1214 1194 1261 unnos
1211 1193 1276 1262 Ro

71 1668 77 1871 1ξ

65 2125 74 2380 l

65 2403 72 2512 ἒ

63 2529 73 2664 l

265 1301 382 1348 munos
403 1280 501 1348 duoes
522 1286 619 1370 utque
641 1282 801 1349 exereitus
824 1283 1043 1368 protrioisset,
1073 1281 1200 1351 insidiis
1223 1305 1276 1350 su·

265 1390 360 1436 orum
381 1368 570 1437 iuturleotus
591 1374 657 1454 est,
679 1371 714 1438 in
736 1370 800 1438 boo
821 1371 892 1438 solo
915 1370 1071 1439 Romuuis
1093 1371 1180 1439 uirus
1201 1392 1276 1439 eom

264 1457 393 1524 iorb‘ter
406 1458 586 1545 agentibus,
603 1459 690 1547 quod
702 1480 908 1545 percussores
927 1459 996 1527 eins
1014 1459 1167 1546 indiguos
1184 1481 1277 1547 prus·

264 1545 332 1613 mio
353 1545 546 1615 iudicarunt
1290 1563 1317 1608 ss

209 1645 247 1698 uu
331 1632 379 1701 At
399 1655 462 1722 ego
483 1657 549 1703 non
568 1635 665 1703 modo
682 1657 778 1720 nuno,
799 1656 914 1703 uerum
936 1635 1034 1703 ob'um
1057 1656 1154 1721 ssepe
1175 1633 1277 1702 inter·

262 1728 372 1792 terere
392 1725 527 1792 orientis
553 1725 612 1792 ills
632 1725 873 1793 inextrioubilis
894 1725 982 1792 bellu
1003 1728 1164 1810 potorum,
1193 1744 1276 1812 quus

262 1833 338 1878 ruru
361 1833 515 1900 umquum
537 1813 604 1879 nisi
626 1813 801 1881 susleribus
824 1818 885 1880 sut
904 1813 1065 1899 incipiunt
1087 1818 1146 1880 unt
1167 1813 1276 1880 tormi-

262 1903 396 1984 usutur3
418 1900 475 1967 sed
498 1899 729 1986 Romanorum,
751 1922 825 1968 oum
848 1900 967 1987 quibus
989 1900 1085 1968 nobis
1108 1899 1195 1967 sotio
1217 1904 1276 1986 esi,

226 2039 227 2044 η
262 1991 357 2056 tuuis
379 1993 470 2074 sunt,
493 1993 531 2056 ot
551 1989 622 2057 iure
644 1988 856 2058 lustidisutur
878 1989 994 2058 uliens
1287 2007 1315 2050 ιο

211 2089 248 2142 10
332 2075 540 2145 Mithridutes
567 2082 646 2146 tuno
672 2077 846 2166 siquidem,
867 2099 924 2145 rex
945 2076 1141 2145 Parthorum
1165 2080 1276 2145 sertus

266 2165 309 2232 sb
326 2165 458 2250 Annus,
477 2166 565 2234 uioto
584 2166 742 2233 Demetrii
759 2167 925 2270 praelecto
942 2165 1146 2252 Babylonem
1164 2167 1276 2232 urbem

264 2254 410 2340 finesque
439 2255 509 2321 eius
539 2253 706 2323 uniuersos
733 2259 841 2322 mutor
865 2253 996 2321 inussit
1041 2275 1155 2322 omnes
1183 2275 1276 2340 prue-

265 2345 356 2409 um
377 2345 505 2428 gentes,
528 2364 612 2430 quus
633 2343 721 2409 inter
741 2341 921 2428 Hydaspen
944 2341 1079 2410 fluuium
1103 2346 1138 2409 et
1158 2341 1276 2409 ludum

264 2429 383 2514 iuueni,
406 2453 445 2498 su
511 2429 544 2498 't
580 2431 621 2497 ud
639 2429 768 2499 ludium
790 2452 917 2518 quoquo
939 2434 1108 2498 omentum
1130 2431 1316 2498 extunditur

80 2524 83 2535 '
211 2529 249 2583 ss
266 2517 449 2606 imperium.
543 2518 695 2587 mettium
720 2519 829 2607 ipsum
856 2519 997 2587 seeundo
1023 2519 1087 2586 sibi
1113 2518 1200 2587 bello
1222 2541 1276 2588 oo-

264 2611 449 2676 eurreutem
470 2607 552 2678 uiuit
574 2612 609 2676 et
630 2609 731 2695 eupit:
753 2630 818 2696 quo
840 2613 937 2695 oupto
960 2607 1122 2676 Diodotus
1144 2608 1277 2696 quidum

263 2719 338 2768 eum
366 2695 551 2767 ulmum
581 2697 650 2766 lilio
678 2718 815 2787 regnum
844 2698 914 2765 eius
943 2701 977 2764 st
1003 2697 1129 2786 regium
1156 2717 1277 2766 numen

65 2744 71 2878 l
209 2797 246 2853 ιο
263 2788 440 2876 usurpouit
472 2787 529 2876 qui
551 2792 668 2894 postes
689 2787 798 2876 ipsum
812 2786 1033 2856 Alexandrum
1045 2785 1157 2874 fllium,
1179 2809 1276 2875 quem

261 2877 619 3036 ffifffflmffi
619 2877 670 3036 ‘¹'ss
671 2877 895 3036 npelfflssutdo
899 2897 1026 3035 011ᾚῖ
1041 2875 1211 2964 hsbuerut,
1233 2899 1275 2945 ns
1287 2892 1316 2938 ss

867 3017 876 3053 s

64 3068 71 3159 j
210 3069 248 3123 10
329 3055 375 3126 ld.
392 3057 534 3126 Aemilio
551 3055 674 3148 Lepido
697 3055 733 3127 0.
750 3055 893 3126 Hostilio
915 3054 1066 3125 blunoino
1089 3055 1275 3126 oonsulibus

261 3146 414 3236 prodigis
434 3169 613 3236 uppsruuus
637 3147 775 3216 ¹diuerso
795 3152 839 3235 et,
861 3150 1020 3236 quonium
1041 3146 1078 3215 iu
1099 3145 1179 3234 ipsis
1202 3145 1275 3232 luit,
1287 3156 1311 3198 ὓ
1324 3145 1365 3190 ”⁸

265 3257 307 3305 ex
328 3258 419 3306 mors
440 3241 556 3306 uurstu
577 3241 663 3306 sunt
707 3236 765 3306 ssd
786 3259 853 3306 non
875 3257 1003 3324 semper
1024 3235 1276 3324 uuuuputoribus

264 3329 441 3396 sueutuum
463 3332 499 3396 et
520 3326 736 3397 structoribus
754 3325 957 3396 iulhoiurum
975 3323 1201 3434 haruspicibus
1220 3347 1276 3414 op·
1288 3343 1317 3387 ω

64 3396 71 3521 f
211 3427 251 3483 st
266 3417 399 3506 postuui
421 3439 516 3488 essue
537 3417 767 3507 suffrugsutur.
811 3439 950 3506 numque
971 3415 1142 3487 blunomus
1164 3415 1277 3487 oonsul

262 3510 437 3594 postqum
464 3531 485 3576 s
510 3507 639 3596 Popilio
666 3507 752 3596 spud
778 3505 993 3575 Nummtism
1022 3507 1164 3594 susespit
1190 3527 1277 3574 ersu-
1400 3511 1401 3534 ¹
