2826 3784
393 187 590 242 munnevu
607 187 772 242 riennes
790 189 815 241 v
833 191 912 244 e-r.
1101 183 1164 250 151

65 360 88 402 n
101 351 142 395 ιιι
155 330 267 399 uideri.
302 352 368 418 quo
385 336 576 420 ergumento
591 335 683 417 petet
699 329 787 417 opud
802 337 957 418 uuoeque
973 329 1092 398 misere
1110 329 1167 396 ille
1185 339 1221 391 ¹⁸

155 423 305 506 tempore
320 419 471 505 iudicete,
487 439 561 486 cnm
574 417 616 487 let
629 419 770 506 Hiepeni
783 419 846 486 etei
863 420 993 488 uincere
1006 422 1167 505 poterent,

154 509 252 578 inuiti
278 513 388 578 temen
415 507 600 577 deeererent
625 507 733 576 dulcie
760 509 831 576 otie
857 529 918 576 rue
945 512 979 576 ct
999 506 1087 576 belle
1113 528 1167 575 ex·

154 602 249 667 terno
264 598 450 681 tolererent,
466 601 501 664 ct
513 597 654 665 Romeni
672 602 795 686 quento
812 597 1021 685 inpudentior
1044 597 1168 664 elienee

128 686 257 772 cquieti
279 706 351 752 eece
372 685 572 771 ingererent,
598 689 691 752 tento
713 685 841 770 turpino
862 685 1078 752 uincerentur.

222 771 337 840 Seruio
360 771 477 840 Fuluio
499 771 615 840 Flecoo
634 772 671 851 Q.
690 769 867 858 Oelpuroic
889 771 1008 840 Pirene
1029 771 1205 840 consuli-t

156 861 217 927 bue
240 861 364 927 Romee
392 881 474 945 puer
503 881 543 925 ex
573 859 693 927 ancille
718 865 817 926 netur
844 860 1018 946 qucdripee
1040 859 1169 947 quedri·

156 969 285 1030 menue,
308 947 410 1014 ocnlie
433 949 597 1032 quettuor,
619 948 753 1014 euribur
775 947 921 1030 totidem,
941 951 1060 1016 neture
1082 945 1169 1012 uirili

156 1033 284 1120 duplex.
319 1033 354 1099 in
376 1029 489 1098 Sicilie
510 1055 605 1099 mono
627 1035 738 1100 Aetne
760 1037 872 1100 uector
894 1033 987 1119 ignee
1010 1033 1205 1100 cructeuitr

117 1140 197 1188 roeo
222 1120 320 1203 fudit,
348 1119 405 1207 qui
431 1123 614 1187 torrentum
640 1120 738 1187 modo
764 1142 822 1205 per
847 1141 952 1206 prone
976 1121 1169 1205 praecipiter

157 1206 307 1308 proxime
328 1227 473 1292 quaeque
495 1205 744 1309 corripientibue
762 1227 912 1272 cxueeere
930 1207 1086 1308 remmio·
1101 1207 1170 1272 lon·

157 1292 606 1448 &uelutillut
628 1292 1171 1467 allaturum?

157 1468 266 1535 culum
294 1487 397 1554 genoe
424 1468 563 1534 monstri
590 1488 657 1533 non
683 1465 875 1551 portendere
902 1467 1024 1533 melum
1046 1468 1173 1534 edeolet

119 1570 145 1615 ¹⁸
160 1555 216 1624 eod
242 1555 370 1622 inferre.
414 1555 450 1622 in
472 1553 674 1623 Bononiensi
700 1575 781 1642 egro
808 1552 920 1642 fruger
943 1555 979 1622 in
1002 1555 1172 1624 arboribue

94 1653 100 1666 ’
159 1648 274 1712 coetu
303 1648 387 1711 eunt
432 1643 536 1730 igitur
564 1645 600 1710 in
622 1641 735 1711 Sicilie
763 1643 888 1712 bollum
915 1642 1034 1712 rcruile
1063 1649 1208 1715 ortumr

159 1738 222 1820 eet,
258 1733 344 1820 qnod
381 1731 461 1800 odeo
497 1752 598 1819 grem
630 1737 664 1800 et
694 1736 790 1802 etrox
824 1731 1033 1801 multitudine
1065 1753 1173 1801 eeruo·

159 1845 257 1906 rum„
282 1821 444 1889 instructu
476 1821 656 1907 copiarum,
691 1821 915 1911 magnitudine
950 1821 1070 1890 uirium
1101 1823 1173 1910 fuir,

69 1937 93 1978 e·
105 1925 146 1969 Μ
159 1913 205 1995 ut,
222 1931 290 1979 non
308 1908 414 1977 dicem
431 1915 598 1995 preetoree
615 1907 800 1996 'Romenoe
816 1933 897 1998 quoe
914 1911 1044 1996 ponitur
1062 1911 1169 1998 profli-
1189 1931 1208 1982 ι

118 2013 147 2057 ⁸⁰
160 1999 263 2086 penit,
277 1996 333 2065 red
347 1998 497 2066 coneulee
512 2018 641 2085 quoque
653 1999 815 2066 torruerit
836 2020 914 2066 noun
924 2017 994 2066 nxx
1002 1999 1093 2067 milio
1107 2021 1172 2067 eer-

159 2107 275 2152 uorum
303 2090 381 2152 tunc
407 2084 442 2150 in
465 2107 557 2151 orme
579 2087 836 2172 conspirantium
857 2087 959 2154 fuieee
981 2088 1173 2172 referuntur,

160 2178 294 2258 excepte
316 2173 397 2238 urbe
414 2170 576 2255 Mceeene,
599 2194 682 2259 queo
704 2195 816 2240 eeruoe
839 2173 1020 2242 liberaliter
1041 2174 1173 2243 hebitoe

159 2261 194 2326 in
216 2281 296 2346 pecc
319 2259 488 2326 continuit
524 2262 668 2327 ceterum
690 2258 802 2328 Sicilie
822 2261 858 2328 in
880 2260 943 2330 hoo
965 2283 1092 2350 quoque
1114 2263 1210 2330 mie

160 2349 277 2436 uerior,
307 2347 384 2436 quie
411 2346 519 2416 insule
548 2353 582 2416 et
610 2370 787 2438 numquam
817 2369 896 2440 erge
925 2353 1047 2418 emtum
1079 2373 1174 2420 euurn

119 2437 240 2506 “iuris
262 2437 370 2504 idonei
398 2457 485 2505 nunc
511 2439 663 2523 tyrennie
691 2439 838 2507 subiecto
864 2462 950 2508 nunc
976 2441 1094 2525 cornio,
1120 2441 1174 2510 uel

159 2525 226 2594 illie
239 2525 409 2594 dominntu
426 2525 578 2613 improbo
596 2527 801 2614 exigentibur
821 2529 1011 2596 seruitutem
1028 2529 1082 2597 uel
1099 2529 1174 2598 irtio

159 2613 423 2701 preeeumptione
440 2636 596 2701 peruerse
612 2616 877 2684 concipientibus
891 2617 1088 2704 libertetem,
1105 2641 1173 2686 me·
1286 2683 1292 2696 ,

159 2705 246 2772 ximo
268 2703 345 2790 quie
366 2704 478 2772 clcuee
500 2703 641 2792 undiquc
663 2705 746 2772 meri
769 2725 899 2792 egerere
925 2703 1015 2774 force
1037 2727 1104 2774 non
1126 2708 1174 2775 ie·

160 2793 221 2859 cilo
242 2794 354 2878 potent
374 2791 568 2860 intretinum
590 2792 722 2860 melum.
757 2791 939 2878 uiperinem
957 2793 1076 2882 quippe
1099 2807 1209 2863 oon-e

119 2879 342 2968 receptionem
368 2879 545 2969 perditioni
571 2902 648 2948 cuce
676 2879 759 2948 eluit
785 2903 846 2949 oue
871 2880 1007 2950 libidine
1034 2889 1174 2970 ructum,

160 2991 220 3038 ene
245 2973 350 3037 morte
376 2969 545 3037 uicturum.
589 2969 625 3036 in
646 2969 710 3038 hoo
732 2974 843 3038 eutem
864 2971 991 3039 reruilie
1013 2972 1173 3041 tumultur

160 3058 313 3127 mutatio
339 3063 463 3146 quento
491 3057 597 3126 rerior
623 3058 740 3127 ccterir
762 3063 856 3128 tento
878 3059 1092 3130 truculentior
1113 3065 1174 3152 eet,

160 3149 236 3238 quie
261 3148 444 3232 intentione
470 3155 695 3220 commonetur
722 3149 826 3218 libem
851 3149 1026 3220 multitudo
1052 3156 1092 3221 ut
1116 3175 1174 3241 pe·

160 3239 259 3310 triem
281 3244 418 3332 eugeet,
439 3238 567 3310 ecruilie
590 3245 628 3309 ut
649 3239 773 3329 perdet
895 3317 897 3322 ,
1052 3269 1054 3276 ·

119 3346 148 3390 ω
226 3330 325 3398 Anno
343 3330 386 3398 eb
404 3330 484 3398 urbe
507 3330 639 3399 condite
660 3347 758 3398 nexx
780 3353 854 3400 onrn
875 3331 980 3401 meior
1001 3355 1104 3421 poene
1126 3334 1208 3402 int

160 3415 262 3483 femie
289 3417 329 3484 dc
351 3417 479 3484 foedere
501 3418 587 3504 epud
609 3417 822 3487 Numantiam
845 3424 943 3507 pecto
966 3443 1063 3508 quom
1086 3421 1173 3510 epod

161 3500 325 3572 (leudinus
346 3503 509 3591 quondum
530 3505 674 3576 furculae
695 3507 853 3596 pudorem
870 3508 1037 3580 Romem
1055 3509 1174 3582 trontie
