2746 3872
73 811 135 866 eo
473 781 632 873 eorm
660 795 836 874 oaosn
1118 897 1123 910 Ι

217 939 551 1020 fflsroamavn
577 939 842 1019 mvnesvor
867 937 1090 1018 rnoonos

474 1099 599 1166 omme
620 1100 836 1168 SECVNDVS.

212 1236 385 1310 Neminem
407 1239 474 1308 iam
495 1261 564 1308 esee
581 1239 752 1308 hominum
772 1239 922 1326 arbitror,
945 1260 1040 1327 quem
1058 1235 1195 1306 loterel

145 1329 260 1418 possit,
278 1330 355 1418 quia
370 1329 536 1398 hominem
554 1329 590 1396 in
607 1328 671 1397 hoo
689 1329 809 1396 mondo
823 1328 912 1397 Deus
926 1327 1048 1396 iecerit
1075 1327 1161 1395 unde

145 1421 244 1487 etiam
273 1422 427 1505 medante
455 1416 590 1486 homine
618 1417 758 1485 mondus
786 1417 934 1505 arguitur
961 1435 1000 1484 ao
1026 1420 1161 1504 propter

144 1511 291 1576 nostram
313 1505 599 1594 intemperantiam
621 1504 886 1593 conprimendam
908 1509 997 1573 terra
1013 1503 1103 1592 haee,
1124 1503 1161 1570 in

119 1615 212 1683 equa
237 1595 391 1682 uiuimus,
418 1594 546 1662 deieotn
568 1597 747 1662 ceterorum
771 1592 962 1661 animalium
985 1595 1019 1659 et
1040 1591 1160 1660 sterili·

82 1727 89 1746 .
144 1689 213 1750 tate
239 1704 372 1751 suorum
400 1682 564 1750 fruetuum
592 1681 781 1770 castigatur.
825 1682 934 1769 itaque
959 1679 988 1750 si
1012 1686 1194 1748 ereatura!

144 1771 216 1857 Dei,
233 1771 351 1838 merito
369 1774 404 1838 et
420 1769 622 1858 dispensatio
635 1770 696 1837 Dei
715 1791 840 1856 eomus3
859 1769 932 1856 quis
951 1767 1037 1837 enim
1052 1766 1159 1854 magis

143 1857 267 1961 diligit,
298 1879 396 1945 quam
427 1856 486 1924 ille
517 1857 573 1944 qni
605 1856 704 1924 feeit?
740 1857 814 1943 quis
841 1861 951 1924 summ
978 1853 1159 1923 ordinatius
1277 1888 1282 1897 ·

143 1950 239 2035 regit,
256 1967 355 2034 qnam
372 1943 402 2012 is
421 1943 477 2033 qni
496 1949 531 2012 et
547 1945 625 2013 iecit
642 1949 677 2013 et
693 1942 824 2034 diligit?
847 1944 918 2032 quis
936 1964 1015 2013 uero
1033 1941 1159 2030 sapien·

104 2036 210 2103 sotios
238 2038 272 2102 et
298 2033 415 2102 fortius
438 2033 587 2102 ordinere
609 2038 644 2102 et
664 2053 776 2122 regere
799 2033 886 2102 iaota
908 2037 1020 2121 potest
1059 2053 1158 2120 quam

70 2144 132 2198 oss
145 2122 201 2209 qui
233 2124 267 2188 et
298 2116 454 2189 ¹iacienda
485 2119 630 2208 prouidit
659 2125 693 2188 et
710 2121 852 2275 lprodiisse
878 2082 1037 2209 persenti
1082 2131 1193 2206 qna-⁸

168 2211 278 2295 ropter
300 2227 429 2276 omnem
451 2211 649 2295 potestatem
672 2229 692 2276 a
742 2229 781 2277 eo
803 2229 876 2277 ssss
897 2227 1091 2312 omnemque
1109 2227 1159 2274 or·

144 2230 355 2380 dimotionem,
377 2299 411 2362 et
433 2295 489 2381 qni
511 2316 579 2362 non
599 2295 750 2382 legerent
773 2296 920 2362 sentiunt
941 2299 975 2361 et
996 2315 1052 2380 qm
1071 2293 1159 2380 lege·

144 2384 222 2447 runt
242 2385 489 2468 recognoseunt
521 2380 607 2468 qnod
631 2381 660 2448 si
677 2385 898 2468 potestates
917 2403 937 2448 a
954 2378 1035 2447 Deo
1054 2383 1159 2463 sont,

105 2491 132 2534 rs
144 2471 267 2554 quanto
289 2469 395 2555 magis
416 2487 527 2556 regna,
550 2468 706 2554 aquibus
725 2469 868 2553 reliquae
886 2471 1067 2554 potestates
1084 2485 1157 2552 pro-

143 2555 346 2642 gredientem
375 2555 405 2623 si
431 2560 541 2623 anmm
567 2576 671 2643 regna
696 2555 839 2640 diuersa,
868 2559 992 2640 quanto
1019 2554 1193 2640 aequiust

142 2663 280 2730 regnum
306 2643 436 2732 aliquod
465 2642 659 2729 maximnm,
684 2643 738 2712 oui
759 2643 959 2732 reliquorum
981 2662 1157 2728 regnorum

142 2736 288 2822 potestas
311 2733 466 2803 uniuersa
489 2731 656 2820 subioitnr,
678 2734 772 2821 quale
795 2754 815 2801 a
836 2731 998 2838 prinoipio
1016 2729 1157 2820 Babylo-

142 2823 233 2892 nium
256 2827 291 2891 et
312 2823 428 2892 deinde
448 2821 695 2892 Maoedonieom
716 2822 790 2909 fuit,
812 2831 890 2909 post
911 2827 1009 2890 otram
1028 2821 1173 2889 Αἰτίαι·

52 2933 54 2998 ς
103 2930 220 2977 sonum
252 2914 350 2998 atque
380 2910 416 2977 in
446 2912 511 2978 fine
537 2909 722 2977 Romanum
752 2910 840 2997 qood
867 2929 970 2996 nsque
988 2907 1040 2975 ad
1066 2929 1156 2976 nono

52 3003 55 3074 t
142 3002 265 3086 manet,
296 2999 472 3088 eademque
498 2997 658 3068 ineffabili
684 2997 891 3067 ordinatione
917 3018 977 3085 per
1000 3001 1191 3083 quaerore

52 3077 56 3154 i
141 3086 251 3155 mnndi
274 3087 422 3156 cardineo
444 3092 797 3176 qnattoorregnorom
819 3087 1022 3174 principatus
1039 3084 1155 3154 distin·

52 3159 56 3256 i
141 3174 202 3243 etis
228 3176 383 3264 gradibus
412 3177 608 3262 eminentes,
636 3179 674 3244 ut
699 3174 922 3260 Babyloniam
947 3195 1084 3280 regnum
1111 3174 1154 3241 ab

52 3279 56 3332 ‘r
143 3265 277 3353 oriente,
299 3288 320 3334 a
341 3264 476 3335 meridie
498 3262 779 3355 Carthaginiense,
800 3287 823 3332 a
844 3267 1064 3352 septentrione
1083 3257 1154 3330 Mt-

52 3341 58 3424 ῗ
102 3374 129 3418 ss
142 3354 343 3440 eodonienm,
377 3354 419 3423 ab
454 3354 621 3425 ooeidente
655 3353 855 3423 Romanum:
894 3375 1032 3441 quorum
1067 3351 1189 3420 intere

52 3429 57 3461 ‘
140 3443 281 3527 primum
308 3464 347 3512 ae
372 3445 603 3529 nouissimum,
631 3440 666 3509 id
693 3447 745 3511 est
770 3442 857 3510 inter
879 3441 1098 3528 Babylonium
1120 3443 1156 3508 st

52 3583 65 3711 r
955 3540 994 3602 ⁸·
