2806 3788
370 125 568 180 ΑΠΗΝΗ
585 125 753 181 eremos
771 127 826 180 1111
844 130 871 182 d.
890 130 916 182 i.
1092 125 1154 190 lll

141 268 274 353 inuidit,
294 273 334 334 ut
355 271 480 335 neotum
502 271 621 336 neture
642 289 710 337 uon
732 267 851 336 uideet
887 267 927 334 de
945 288 1082 355 quorum
1099 289 1156 334 nu·
1174 273 1209 326 ⁸²
1332 281 1338 368 ξ

141 378 232 425 mero
256 360 333 424 eunt
355 355 420 443 isti,
443 356 500 424 sed
522 357 627 425 multo
649 357 833 426 miseriores
855 355 933 443 quie
953 356 1078 424 inimioi
1096 353 1158 423 Dei

143 467 181 514 so
203 445 337 533 perinde
359 444 485 514 inimioi
507 447 657 514 nerium
674 481 721 496 -
738 445 777 514 de
800 445 919 533 quibus
940 443 1056 512 flentes
1077 444 1159 513 bueo

143 533 280 602 dioimus
300 537 335 601 ot
352 555 433 622 quos
451 534 714 621 misericorditer,
736 535 959 621 sinebantur,
982 534 1159 622 arguimus,
1188 579 1193 590 ·
1333 539 1338 573 ¹

114 626 179 689 tut
207 643 374 708 sanemus,
396 657 440 672 -
463 623 518 710 qui
545 623 668 691 uitioso
696 621 790 690 ooulo
817 621 899 689 bueo
924 621 1039 688 uident
1062 626 1158 709 etque
1176 630 1212 682 tt
1333 684 1338 712 ι

142 710 214 778 ideo
237 710 378 796 duplioie
399 710 465 778 illis
487 711 641 780 uidentur
662 733 745 799 quse
766 711 881 778 uident
902 713 937 777 et
958 709 1084 778 ooniusi
1106 733 1158 778 oe·

141 798 255 884 ligine
270 799 434 885 nequities
456 799 492 866 in
514 799 548 866 id
570 799 704 883 endunt,
732 802 772 865 ut
793 799 901 865 minue
922 797 1063 866 uidendo
1086 799 1159 885 plns

141 885 285 974 uideant,
308 907 383 955 eum
404 891 516 955 temen
538 887 572 954 id
595 887 683 975 quod
705 891 757 955 est
776 885 824 954 ite
842 890 880 954 ut
897 890 949 954 est
965 885 1076 954 uidere
1093 907 1159 954 non
1196 910 1201 918 ·
1334 899 1339 954 ῐ

164 975 281 1063 oseiut3
304 977 361 1064 qui
443 975 536 1045 uiore
558 978 761 1045 arbitrantur
778 976 909 1065 flagello
926 976 1039 1064 patrie,
1061 997 1159 1064 quem
1177 987 1212 1039 tt
1335 967 1340 1042 l

103 999 249 1132 reboetie
281 1065 375 1132 inoeu
397 1065 444 1151 ie3
496 1065 531 1131 ni
563 1066 762 1133 eeerbiorem
789 1069 910 1132 uooent
936 1065 1159 1132 blandientem
1364 1069 1367 1079 “

141 1153 369 1219 edmoneutem
392 1157 426 1219 et
442 1174 478 1220 re
504 1152 655 1219 'mentem
668 1153 775 1220 Deum
793 1173 892 1238 quem
909 1156 1158 1240 persequentem

139 1239 362 1309 dominantem
384 1239 600 1309 trueidmtem
623 1262 664 1309 ue
686 1239 867 1327 diebolum3
895 1261 1104 1329 quemquem,
1127 1238 1156 1308 si
1173 1249 1210 1304 so

12 1417 14 1422 Ι
139 1330 180 1434 de
206 1335 313 1434 petre·
328 1330 574 1418 intellegerent,
602 1263 642 1397 de
669 1330 887 1436 oeetigetione
914 1329 1094 1434 gauderent
1105 1335 1157 1434 et,

101 1521 128 1564 u
141 1418 1159 1594 3101qqqeiqqqcuqqoQeqeqmquqqnqdngegqhqqqqq:

141 1599 202 1680 est,
225 1599 323 1663 entee
344 1615 423 1663 uero
445 1616 512 1664 non
534 1593 653 1682 fueret,
674 1594 800 1664 leuiore
818 1595 982 1682 ducerent,
1004 1594 1067 1663 etei
1085 1615 1158 1684 gre-

52 1711 75 1752 r·
88 1701 129 1744 ¹⁸¹
142 1683 237 1752 uiore
257 1688 455 1772 peterentur.
494 1707 692 1774 quemquem
714 1683 929 1774 eonltemptus
951 1684 1158 1754 miseriarum
1175 1695 1211 1748 ιι
1338 1708 1343 1726 ·

142 1777 284 1859 possunt
306 1773 406 1841 etiem
429 1795 450 1841 s
472 1775 539 1840 suis
563 1775 696 1861 discere,
717 1774 805 1861 epud
825 1795 907 1860 quoe
926 1795 1054 1841 eumme
1071 1774 1161 1841 mele

140 1882 200 1947 pro
224 1861 360 1929 summie
382 1861 479 1930 bonie
502 1863 677 1930 eeetimete
699 1865 936 1950 sentientem
958 1865 997 1930 ut
1014 1861 1157 1951 glorium

99 1949 248 2019 »iamne
276 1951 434 2020 celebrem
462 1955 560 2040 etque
586 1951 758 2020 inluetrem
785 1955 1071 2040 consequerentur:
1098 1973 1157 2040 per
1173 1962 1210 2016 st
1341 1952 1374 2013 ἱ.

140 2062 222 2128 quoe
255 2041 365 2129 colligi
398 2041 507 2130 detur,
541 2047 664 2128 quanto
691 2042 802 2129 nobie,
833 2043 952 2130 quibue
982 2041 1158 2110 aeternitas
1370 2046 1375 2073 ¹

141 2129 239 2196 besto
267 2129 484 2215 promittitur,
515 2129 583 2196 sint
607 2131 777 2197 tolerunde
805 2151 865 2216 pro
893 2131 976 2216 uite,
1006 2151 1080 2197 enm
1106 2129 1159 2196 illi

139 2220 236 2283 tente
257 2215 425 2303 potuerint
447 2217 587 2284 eolorare
610 2238 670 2304 pro
692 2217 791 2286 bmu

206 2305 304 2373 Anno
332 2306 375 2372 eb
401 2303 482 2373 urbe
508 2305 642 2374 eondite
664 2322 892 2375 ccccmnu
917 2304 952 2373 id
976 2310 1028 2375 eet
1048 2306 1191 2394 Appio?

98 2409 125 2453 π
139 2390 275 2461 Oleudio
283 2393 433 2472 (lesbio
442 2395 629 2462 oonsulibus
636 2393 849 2482 Mamertinis,
858 2416 997 2483 quorum
1005 2393 1167 2464 Messene

139 2481 260 2549 nobilie
284 2479 414 2550 Sioilise
441 2483 558 2552 oiuitus
585 2489 670 2570 eret,
698 2483 820 2551 auxilie
842 2489 958 2552 eontre
980 2482 1157 2552 Hieronem

141 2568 383 2654 Syreoueenum
483 2593 517 2638 m
540 2575 574 2638 et
591 2569 776 2638 Poenorum
800 2572 912 2657 eopiee
930 2570 1067 2639 Hieroni
1087 2571 1158 2639 iun·

139 2661 209 2724 etus
232 2661 266 2726 et
286 2591 624 2745 Appiumeudium
646 2659 812 2727 consulem
837 2681 910 2726 eum
934 2659 1077 2728 exeroitu
1098 2658 1159 2726 mi·

139 2767 211 2813 sere
233 2745 387 2814 Romani.
426 2747 483 2834 qui
504 2751 575 2814 tem
597 2747 755 2814 celeriter¹
768 2745 991 2834 dyneusenos
1013 2745 1191 2814 Poenos-r

97 2849 126 2894 so
139 2854 201 2921 que
224 2833 400 2937 superbuit,
421 2837 460 2902 ut
482 2834 554 2921 ipse
577 2855 706 2923 quoque
728 2856 786 2902 rex
802 2855 911 2902 rerum
929 2834 1156 2922 megnitndine

136 2925 328 3006 pertemtus
360 2925 436 2989 ente
468 2943 503 2988 se
533 2921 657 2989 niotum
688 2944 786 3009 quem
813 2941 1024 3024 oongreseum
1053 2922 1154 2990 fuisse

47 3031 70 3072 s·
84 3022 125 3066 ree
137 3006 331 3095 prodiderit3
353 3008 410 3095 qui
432 3008 517 3076 exim
539 3007 652 3075 beetis
675 3009 800 3097 uiribus
822 3029 1006 3095 emisseque
1028 3006 1189 3076 dlduoier

138 3117 213 3163 oum
236 3117 352 3183 paoem
375 3090 515 3184 su‘pplex
538 3101 682 3184 regeret,
702 3097 1002 3252 dueentiefflenti
1023 3095 1157 3164 telentie

136 3182 227 3252 iussu
256 3184 426 3252 oonsulum
453 3185 611 3252 multatus
639 3185 773 3273 soeepit
818 3205 856 3253 oo
932 3205 968 3252 es
992 3185 1189 3274 Agrigens

26 3283 28 3286 ·
96 3287 124 3334 so
136 3275 208 3340 tum
221 3269 353 3340 Sieiliee
370 3271 539 3341 uiuitetem
552 3273 665 3361 ibique
677 3273 842 3362 praesidio
855 3271 1040 3342 Poenorum
1053 3273 1156 3359 operi·

136 3361 199 3428 bus
220 3359 373 3446 nulloque
395 3361 576 3429 oinxerunt
607 3383 680 3429 oum
702 3383 744 3429 us
765 3361 910 3428 inelueus
928 3381 968 3428 es
985 3361 1155 3429 obsidione
1173 3371 1215 3448 t*
1349 3353 1354 3438 ξ
1381 3310 1388 3427 l

134 3445 248 3516 unior
282 3445 448 3516 Hsnnibsl
485 3447 666 3536 imperetur
724 3468 882 3518 uenerem
918 3447 960 3516 sd
996 3469 1157 3518 summum
