2714 3788
274 22 471 76 snvnusvu
488 20 654 76 rsumos
672 21 725 75 vn
744 25 858 78 m-rs.
1008 17 1087 111 2ῖιόι

64 194 96 237 m
164 169 189 234 's
200 166 309 234 rebus
332 165 446 270 gestis,
469 165 649 234 Seleuciam
668 165 822 253 Assyrios
840 166 955 234 urbem
978 187 1075 252 super

64 259 117 345 Hy
139 277 241 345 espen
270 256 405 323 flumum
435 255 532 322 sitem
563 277 637 322 cum
667 255 911 343 quadringentis
944 255 1074 323 milibus

63 346 229 414 bominum
262 344 350 431 cepit
380 351 415 411 et
446 365 519 412 cnm
551 344 652 411 fratre
684 344 723 410 de
754 344 894 412 uictoris
924 343 1077 410 Pertbiee

64 432 291 518 triumpbeuit3
319 453 358 498 ec
383 453 451 498 non
479 430 584 499 multo
607 436 696 518 post,
723 433 800 498 dum
823 453 896 498 cum
919 432 1019 498 lrstre
1041 431 1077 496 in

38 521 213 590 ruehiculo
242 522 344 604 sedet,
372 541 448 587 cusu
476 519 597 606 morbi,
624 543 721 607 quem
744 519 936 606 apoplexian
960 518 1076 587 Greeci

65 615 196 695 nocent,
219 608 395 676 suffocetur
418 609 552 676 interiit.

129 698 186 801 Eo·
207 697 359 802 defunctc
387 697 516 801 Morcus
545 697 733 800 Antoninus
763 697 854 800 solus
881 696 1113 800 reipubliceeo

64 785 323 944 tullum
344 785 1077 963 insiliisPillisillmliiiillliii

26 981 51 1026 ιο
63 970 97 1033 et
111 965 146 1031 in
164 962 274 1032 Gellio
290 986 407 1053 groues
425 970 598 1052 proecepto
617 963 685 1030 eius
704 963 900 1032 exstiterunt
917 963 1075 1050 multique
1172 978 1182 996 ’

64 1058 249 1122 sanctorum
282 1054 440 1141 martyrio
472 1053 622 1122 coronati
653 1059 737 1120 sunt
784 1058 895 1121 secuto
922 1057 972 1120 est
1003 1054 1108 1119 luceo

12 1159 51 1203 us
63 1144 220 1230 plurimis
241 1141 350 1211 infuse
372 1143 557 1228 prouinciis,
579 1146 747 1229 totumque
769 1141 899 1209 Ituliem
921 1142 1072 1228 pestilen-

63 1233 110 1299 tie
131 1236 226 1299 tonte
244 1231 397 1318 uostnuit,
419 1235 457 1298 ut
474 1231 598 1318 possim
617 1231 724 1316 uilloc,
747 1231 820 1320 egri
837 1236 935 1318 etque
953 1229 1073 1317 oppidu

64 1320 133 1388 sine
156 1320 279 1387 cultore
302 1326 399 1407 utque
422 1319 607 1387 bubitutore
629 1320 758 1387 deserte
779 1321 814 1386 in
831 1320 943 1387 ruinas
962 1318 1074 1386 siluos-

27 1425 51 1468 ιι
64 1431 124 1496 que
138 1410 365 1482 concesserint
394 1409 571 1476 exercitum
586 1430 663 1475 uero
677 1407 861 1476 &monum
880 1413 1076 1495 cunctaeque
1095 1421 1113 1472 e
1244 1407 1256 1428 '·

64 1498 206 1588 legiones
229 1520 287 1586 per
305 1498 418 1587 longin
442 1520 485 1565 ue
503 1497 570 1564 lete
587 1496 724 1564 bibernu
742 1497 918 1584 dispositos
936 1497 984 1564 itu
1001 1518 1077 1565 con·

65 1593 210 1677 sumptus
234 1589 351 1675 ierunt,
374 1593 412 1656 ut
463 1587 726 1655 ercomennicum
743 1587 876 1668 bellum,
899 1586 985 1676 quod
1004 1609 1077 1655 con·

66 1680 156 1746 tinuo
187 1685 336 1745 exortum
367 1683 429 1762 est,
451 1685 532 1744 'uon
560 1677 625 1743 nisi
656 1699 743 1744 uouo
775 1676 896 1744 dilectu
928 1677 1079 1760 militum,

18 1783 56 1823 ω
69 1787 164 1851 quem
192 1765 331 1833 triennio
358 1765 477 1852 ingiter
506 1762 600 1851 'opud
623 1761 839 1831 cernentium
860 1763 990 1832 Murcus
1015 1767 1079 1830 Au·

31 1870 57 1913 υ
70 1855 201 1920 toninns
224 1853 354 1937 hebuit,
380 1858 509 1941 gestum
532 1853 632 1919 fuisse
656 1853 822 1920 referetur.
866 1851 929 1919 boc
951 1853 1079 1940 quidem
1099 1864 1114 1915 7

70 1941 190 2007 bellum
219 1939 425 2024 prouidentie
446 1941 508 2007 Dei
536 1941 796 2008 administratum
819 1961 890 2008 esse
913 1963 988 2007 cum
1009 1941 1080 2028 plu·

69 2028 160 2095 rimis
191 2030 391 2114 argumentis
421 2033 491 2094 tum
521 2028 693 2115 praecipue
721 2029 863 2115 epistule
894 2027 1080 2115 grauissimi

69 2137 107 2183 ec
121 2116 354 2182 modestissimi
367 2116 573 2204 imperatoris
588 2117 791 2203 apertissime
804 2117 1004 2183 declerutum
1023 2123 1081 2182 est

70 2226 144 2270 nem
173 2226 245 2270 cum
272 2206 524 2272 insurrexissent
551 2210 664 2292 gentes
693 2205 885 2272 inmanitate
914 2204 1116 2290 burbureno

32 2307 59 2351 π
72 2291 278 2360 multitudine
300 2292 564 2379 innumerabiles,
586 2293 647 2360 boc
665 2297 716 2360 est
734 2292 958 2360 Marcomanni
976 2290 1080 2370 Quadi

70 2379 209 2449 Vendeli
229 2380 397 2450 Sermetue
415 2381 513 2450 Suebi
536 2387 633 2469 etque
652 2383 759 2452 omnis
777 2403 880 2470 paene
898 2379 1081 2467 Germanic,

71 2470 161 2536 etin
184 2467 371 2547 Quodorum
398 2492 500 2557 usque
523 2472 604 2538 lines
627 2493 817 2559 progressus
840 2471 999 2538 exercitus
1022 2469 1080 2538 cir·

72 2564 323 2648 cumuentusque
346 2559 389 2627 ub
410 2558 559 2627 hostibus
583 2564 716 2646 propter
738 2581 895 2645 equorum
914 2559 1081 2644 penuriam

72 2647 272 2732 praesentius
297 2648 368 2716 sitis
391 2669 490 2735 quem
512 2648 618 2716 bostis
636 2647 813 2736 perieulum
831 2647 1017 2716 sustinerem
1040 2645 1117 2715 eds

33 2748 59 2791 ω
72 2735 312 2804 inuocationem
343 2737 486 2805 nominis
518 2734 657 2818 Christi,
693 2759 791 2825 quum
823 2737 931 2806 subito
962 2757 1083 2824 mogus

70 2821 146 2890 fidei
168 2825 354 2893 constantie
376 2824 509 2912 quidem
531 2825 651 2892 milites
674 2825 767 2892 elinsi
790 2825 825 2892 in
843 2845 955 2913 preces
974 2825 1081 2912 pulum

70 2911 229 3000 fecemnt,
260 2917 355 2982 tonte
387 2913 438 2982 uis
471 2912 601 3001 pluuiee
631 2914 733 2982 effuse
760 2917 822 2999 est,
854 2919 892 2981 ut
917 2911 1081 2981 Romanos

71 3000 198 3087 quidem
222 3003 405 3092 largissime
428 3025 466 3070 rc
494 3001 564 3070 sine
591 3001 711 3077 iniurie
736 3002 898 3089 refecerit,
925 3002 1081 3070 bnrberos

73 3095 181 3156 eutem
200 3091 320 3159 crebris
337 3091 512 3158 fulminum
530 3092 649 3159 ictibus
667 3091 869 3178 perterritos,
891 3091 1080 3178 praesertim

33 3189 144 3244 *cum
166 3179 300 3264 plurimi
328 3202 440 3248 eorum
468 3179 702 3265 occiderentur,
728 3180 764 3247 iu
790 3179 904 3270 fugem
931 3178 1083 3267 coegerit.

71 3285 208 3413 puerum
236 3273 329 3369 terge
358 3268 500 3336 Romeni
528 3291 631 3356 usque
660 3269 702 3335 od
731 3269 982 3336 internecionem
1011 3289 1081 3335 cse-
1101 3265 1136 3318 10
1264 3317 1278 3328 ..

92 3356 182 3415 entes
219 3353 487 3439 glomosissimsm
524 3356 694 3424 uictoriam
726 3364 760 3425 et
796 3357 944 3426 omnibus
978 3377 1081 3444 poene

101 3438 1308 3786 Q-,l
