2702 3776
50 89 64 138 ¹:

50 135 63 177 Ἣ
99 256 102 264 Ι
233 177 301 244 Bw
476 181 585 235 Pfflrl
603 181 727 237 0808ss
744 181 994 236 HIETORIARVH

198 331 269 388 aaa
290 321 442 408 inprimis
464 324 614 392 ardentm
634 323 792 411 inhiasse,
818 327 857 390 ut
878 325 1068 392 oblitterato
1091 323 1242 392 Romano

46 451 47 486 r
145 437 147 444 ·
231 410 364 476 nomine
390 410 575 480 Romarmm
601 434 697 480 omne
724 413 830 479 solum
859 411 1040 480 Gothorum
1069 412 1243 500 imperinm

232 501 267 564 at
292 497 414 566 lauerat
440 505 474 566 et
502 505 636 568 uomret
660 504 824 588 essetque,
853 505 893 566 ut
918 500 1098 588 uulgariter
1119 501 1244 588 loquar,

232 584 355 654 Gothia
371 589 459 675 qnod
476 589 639 658 Rommia
659 588 776 656 inisset
796 595 826 657 et
846 589 939 656 fieret
960 611 1047 658 nuno
1065 587 1242 657 Athoulius

43 719 44 730 ι
195 676 320 764 equod
342 677 505 765 quondam
527 677 648 748 (laesas
669 678 852 768 Augustus,
879 683 916 746 at
940 679 998 746 ubi
1024 678 1129 746 multa
1150 700 1242 766 expe-
1268 695 1285 740 ι

230 766 353 834 rientia
379 769 587 854 probauisset
614 791 719 858 noque
748 767 876 837 Gothos
904 768 973 837 ullo
1002 769 1099 837 modo
1128 789 1242 856 parere

212 855 359 944 'legibus
376 879 473 944 possa
489 863 623 948 propter
640 859 830 927 effrenatam
848 857 1032 927 barbariem
1054 879 1160 947 neque
1181 857 1243 926 rei·

230 945 379 1032 publioae
395 947 545 1016 interdici
562 949 652 1038 leges
666 953 825 1037 oportere,
843 949 914 1016 siue
928 948 1046 1036 quibus
1060 947 1244 1035 respublica

230 1057 297 1104 uon
326 1039 378 1104 ost
405 1037 603 1127 respublica,
632 1038 769 1128 elegisse
798 1038 922 1122 saltim,
950 1042 986 1105 ιι
1013 1036 1152 1128 gloriam
1180 1036 1243 1106 sibi

230 1125 272 1192 de
289 1127 489 1196 ιιιιίιιοιιο
502 1128 539 1195 in
550 1128 715 1217 integrum
728 1127 941 1216 augendoque
951 1127 1098 1195 Romano
1111 1127 1243 1196 nomine
1257 1144 1285 1188 ιι

231 1214 413 1285 Gothorum
421 1218 546 1286 uiribus
560 1221 728 1306 quaereret
741 1217 980 1305 habereturque
994 1215 1079 1305 apud
1093 1220 1243 1304 posteros

230 1303 399 1374 Romanae
420 1307 638 1374 restitutionis
660 1311 782 1390 auotor,
804 1310 978 1394 postquam
1001 1328 1073 1374 esse
1094 1327 1242 1393 nonpo-

196 1397 343 1461 ttuerat
363 1394 562 1463 immutator.
606 1395 650 1464 ob
671 1395 736 1463 hoo
758 1395 923 1463 abstinere
944 1417 967 1462 a
988 1395 1089 1478 bello,
1115 1394 1158 1463 oh
1179 1393 1242 1462 hoo

231 1481 359 1550 inhiare
375 1485 449 1572 pani
467 1485 640 1570 nitebatur,
658 1485 831 1571 praecipue
848 1483 1009 1552 Plooidiae
1026 1483 1137 1551 uxoris
1155 1505 1243 1569 suae,

231 1571 370 1639 feminae
383 1595 462 1640 sone
475 1573 607 1662 ingenio
621 1573 795 1641 auerrimae
809 1578 842 1640 et
854 1573 1013 1660 religione
1022 1573 1104 1640 satia
1112 1572 1244 1660 probae,
1257 1584 1284 1630 1⁸

232 1660 274 1728 ad
288 1662 398 1729 omnia
411 1661 570 1729 bonarum
583 1661 825 1730 ordinationum
839 1683 938 1749 opera
951 1683 1108 1748 persuasu
1122 1665 1157 1728 et
1169 1683 1243 1728 oon·

42 1797 45 1850 2
195 1749 308 1816 asilio
329 1753 536 1837 temperotos
581 1772 717 1838 eumque
740 1750 845 1817 eidem
866 1749 940 1837 paoi
961 1749 1121 1836 petendae
1143 1752 1243 1835 atque

231 1837 414 1906 offerendae
441 1837 679 1906 studiosissime
704 1839 884 1924 insisteret,
911 1837 996 1924 apud
1024 1837 1242 1906 Barcinonam

230 1925 410 2012 Hispaniae
431 1927 546 1995 urbem
569 1927 646 1996 slolo
669 1949 814 2012 suorum,
837 1932 875 1994 ιι
896 1927 1011 2007 fertur,
1034 1928 1160 1994 oooisus
1183 1931 1241 1994 est

40 1994 43 2008 '
134 2093 138 2100 Ι
196 2023 215 2074 a
299 2013 379 2081 Post
407 2015 494 2082 huno
523 2013 691 2104 Segouiam
723 2037 781 2082 ror
809 2037 831 2082 a
859 2013 977 2081 Gothia
1008 2019 1136 2081 oreatus
1167 2035 1242 2081 oum
1255 2027 1283 2070 ¹⁰

229 2101 344 2169 itidem
359 2102 479 2170 iudioio
496 2101 558 2169 Dei
575 2102 618 2170 sd
635 2123 749 2190 peoem
767 2124 891 2189 pronus
911 2107 1008 2188 esset,
1028 2103 1242 2170 nihilominus

229 2213 251 2258 a
272 2191 341 2259 suis
362 2191 552 2260 interlectos
574 2195 634 2260 est

36 2243 43 2298 ³
177 2289 213 2342 ιο
295 2280 421 2348 oerore
442 2279 554 2348 von·
576 2281 732 2349 ,noenu
751 2279 786 2346 in
812 2301 949 2369 regnum
972 2279 1243 2348 stheneleus

229 2391 251 2436 a
271 2367 404 2456 Gothis,
430 2373 468 2436 ιι
493 2391 607 2457 paoem
634 2368 838 2457 infringeret,
865 2368 906 2436 ad
935 2367 998 2436 hoo
1024 2368 1193 2436 ordinatus
1221 2390 1241 2434 a

35 2483 40 2497 ·
178 2468 212 2519 ιι
229 2457 318 2546 Deo,
346 2461 384 2524 ut
412 2479 526 2544 paoem
556 2458 770 2526 confirmaret
821 2457 875 2524 hio
904 2457 1006 2546 igitur
1024 2491 1075 2512 ι-
1107 2457 1282 2524 torrium

229 2547 370 2614 mxime
389 2545 513 2625 sindioio
540 2545 617 2633 Dei,
645 2547 723 2634 quio
749 2568 822 2614 oum
850 2565 971 2634 magna
998 2545 1163 2634 superiore
1186 2545 1241 2613 ab-

228 2635 306 2703 hino
333 2657 420 2704 anno
446 2635 629 2704 Gothorum
656 2657 771 2702 manus
798 2635 960 2702 instruota
986 2635 1086 2702 armis
1114 2634 1241 2722 nauigi-

227 2727 322 2812 isque
334 2724 474 2792 trsnsim
487 2726 522 2792 in
531 2725 677 2792 Africam
691 2724 867 2808 moliretur,
880 2724 914 2791 in
927 2722 1096 2792 duodecim
1110 2723 1241 2791 milibus

230 2835 386 2901 passuum
400 2812 553 2881 Gaditani
566 2813 643 2880 freti
663 2813 865 2898 tempestate
883 2817 1043 2900 correpta,
1060 2812 1240 2881 miserabili
1253 2827 1308 2880 a!

31 2909 33 2976 ζ
175 2901 319 2970 samito
331 2901 481 2990 perient,
498 2923 623 2970 memor
636 2901 735 2970 etiam
753 2901 840 2968 illius
858 2905 1010 3006 aooeptae
1029 2900 1091 2969 sub
1105 2901 1239 2970 blorioo
1252 2915 1282 2961 ὓ

227 2988 340 3076 dadis,
360 3011 435 3058 oum
457 2991 492 3057 in
516 2989 662 3059 Sieiliam
679 2988 785 3094 'Gothi
807 2995 946 3094 troomre
968 2989 1087 3094 mma,
1108 2989 1144 3058 in
1166 3011 1240 3058 oon·

229 3081 343 3165 speetu
360 3099 492 3146 suomm
509 3078 740 3146 miserabiliter
758 3082 879 3164 arrepta
898 3081 931 3144 et
948 3076 1086 3145 demersi
1104 3081 1182 3145 sunt
1198 3113 1238 3127 -

226 3187 342 3274 Quem
359 3165 987 3323 QPQWPJPssIOEQJmP‘Fffl'b
1004 3165 1090 3270 datis
1103 3155 1241 3233 lentissi-

226 3255 491 3431 hiirlofflairh
535 3279 578 3411 il
611 3257 1072 3433 ihsstiihoalihbilhhiriiihi
1084 3275 1238 3431 xhriihili
1250 3357 1278 3402 aa

176 3443 212 3496 ta
227 3431 396 3502 Romam
410 3431 578 3502 ιοιιιὶιιιί
590 3432 770 3521 perieulum
783 3455 877 3500 suum
891 3432 1019 3515 obtulit,
1031 3435 1070 3500 ιι
1081 3432 1237 3502 aduersus

229 3525 354 3592 ωιιιυ
375 3525 505 3612 gula,
531 3543 616 3611 quse
636 3543 696 3611 par
716 3519 897 3612 Hispunias
918 3520 1153 3612 eumedium,
1175 3520 1239 3591 sibi

1238 3655 1299 3706 Δ
