2750 3800
285 149 480 204 ADVERSVM
497 149 664 204 Plumea
682 150 722 203 Vl
741 154 783 205 10.
804 155 845 205 11.
1007 149 1073 217 205

85 294 188 363 roelic
216 315 328 363 omnes
358 293 574 361 'l'reuerorum
609 315 647 361 cc
670 294 719 360 ias
749 293 913 362 interfecit
940 299 1010 362 arte
1039 296 1074 362 in

62 319 184 452 iollam
202 385 406 470 prouocatos,
424 382 613 485 priusquam
663 383 803 448 ermanis
822 381 1073 450 aduentantibus

61 472 282 559 iungerentur,
299 472 333 537 et
350 473 505 537 continuo
523 491 628 554 ipsam
642 470 811 537 ciuitatem
824 471 921 559 capit
952 468 1073 539 Caesar
1091 483 1127 538 ll
1268 455 1279 536 ,ἶ

61 560 173 627 ulcisci
205 562 344 626 mortem
376 557 489 626 Sabini
521 562 555 626 et
586 555 703 626 Cottae
735 559 918 647 legatorum
949 561 1073 645 uolens,

36 647 285 736 ‘Ambiorigem
318 650 352 713 et
383 645 552 714 Eburones
584 646 709 713 deletae
745 647 885 734 legionis
925 653 1073 714 auctores

60 737 299 840 postquam·m
332 735 543 840 Arduennam
575 735 692 840 siluam
728 735 890 824 refugisse
926 737 1073 842 conperit

59 823 1073 1002 s,turturillaeamuleta:3¹21:
1092 838 1126 891 ¹⁰

62 1005 162 1091 tingit
183 1007 217 1070 et
238 1003 273 1068 in
295 1000 498 1089 longitudine
520 1003 593 1087 plus
617 1024 715 1087 quam
732 1003 972 1106 quinquaginta
989 1003 1070 1070 mili·

22 1105 48 1149 ¹⁰
62 1092 122 1158 bus
150 1112 307 1178 passuum
334 1095 427 1176 patet
453 1123 497 1138 -
525 1091 722 1176 permetiens
749 1113 818 1158 rem
844 1111 913 1157 sara
939 1091 1125 1157 maximin

60 1179 194 1266 periculi
226 1178 312 1264 iore,
349 1178 377 1245 si
409 1199 467 1265 per
498 1177 682 1246 obstructas
714 1179 939 1265 spatiosasque
971 1179 1072 1246 siluae

60 1268 165 1353 ignoti
186 1266 407 1334 diuiderentur
429 1265 618 1352 hostemque
641 1266 722 1333 locis
743 1267 951 1334 notissimum
974 1288 1072 1353 quae-

60 1359 177 1440 rerent,
199 1376 328 1421 omnem
346 1353 487 1420 Galliam
506 1375 564 1440 per
585 1355 718 1421 nuntios
740 1353 871 1440 inuitat,
894 1358 931 1420 ut
953 1356 1072 1442 quique

60 1442 235 1509 secundum
253 1442 409 1529 placitum
428 1463 523 1509 suum
541 1442 723 1509 reconditae
740 1443 775 1508 in
792 1442 967 1510 Arduenna
985 1443 1072 1511 silua

22 1545 48 1590 ιδ
61 1530 196 1619 praedas
214 1533 371 1620 quaerent
388 1529 614 1620 diripientque.
645 1552 710 1618 quo
729 1530 817 1600 iacto
836 1529 939 1602 Gallis
957 1531 1071 1600 utrim-
1089 1547 1126 1601 so

60 1641 124 1706 que
151 1620 364 1687 morientibus
393 1621 552 1686 maximas
583 1619 805 1686 Romanorum
833 1621 969 1686 iniurias
1002 1621 1072 1688 sine

60 1707 248 1794 cuiusquam
270 1706 409 1774 Romani
431 1707 615 1774 discrimine
638 1705 825 1787 uindicauit
866 1707 915 1773 ita
935 1706 997 1776 hoo
1019 1711 1071 1775 tu·
1088 1723 1124 1776 sl

60 1795 187 1864 tiaeimo
210 1796 359 1863 uincendi
381 1816 501 1883 genere
523 1817 655 1862 securus
677 1796 713 1863 in
735 1795 865 1863 Italiam
887 1795 990 1863 rediit

8 1901 47 1943 su
129 1883 242 1971 ¹Igitur
271 1883 411 1951 Caesare
439 1885 474 1950 in
502 1884 633 1952 Italiam
661 1905 791 1952 reuerso
821 1883 931 1952 Gallia
958 1907 1070 1953 rursus
1087 1896 1124 1954 11
1191 1923 1192 1928 κ

22 1973 95 2037 oin
118 1993 209 2038 arma
231 1972 381 2039 coniurat
403 1971 561 2056 multique
583 1971 680 2038 simul
705 1972 818 2058 populi
841 1975 967 2040 coeunt
1007 1972 1072 2038 dux

62 2059 113 2123 his
137 2057 383 2146 Vercingetorix
414 2058 492 2142 luit,
524 2059 628 2125 cuiua'
646 2059 781 2125 coneilio
814 2058 927 2125 statim
958 2080 1071 2126 omnes

62 2145 149 2214 Galli
176 2146 325 2214 ciuitates
353 2168 429 2215 suas
455 2147 543 2214 ultro
571 2145 795 2215 incenderunt:
823 2147 930 2234 prima
956 2169 977 2214 a
1004 2147 1071 2216 suis

60 2235 194 2303 incensa
215 2235 322 2304 Bituri
346 2257 375 2304 o.
420 2236 495 2304 inde
518 2235 559 2304 ad
582 2233 765 2320 Gaesarem,
792 2238 848 2324 qui
872 2237 999 2324 magnis
1021 2238 1108 2305 iti-s

60 2324 192 2394 neribus
220 2347 278 2412 per
333 2325 548 2393 arbonensem
575 2325 776 2412 prouinciam
805 2327 890 2393 clam
918 2325 960 2393 ad
982 2347 1071 2394 erer-

22 2428 48 2472 κ
60 2414 159 2482 citum
173 2417 403 2498 recucurrerat,
420 2414 577 2502 impetum
592 2414 723 2483 iaciunt.
754 2413 876 2482 Caesar
887 2419 966 2483 eune
979 2416 1071 2502 oppi·
1088 2433 1106 2486 s

61 2502 138 2569 dum
166 2503 294 2570 nomine
324 2500 511 2589 caenapum
540 2502 708 2571 obsidione
737 2505 954 2571 concluserat:
985 2503 1072 2590 quod
1219 2563 1222 2568 ,

61 2588 116 2657 diu
148 2596 390 2680 oppugnatum,
428 2591 560 2659 tandem
591 2595 668 2677 post
698 2592 818 2658 multas
850 2591 1071 2660 Romanorum

59 2677 166 2783 clades
184 2679 297 2764 pluuio
316 2679 377 2764 die,
395 2699 469 2746 cunr
487 2678 656 2784 hostilium
674 2679 900 2784 maehinarum
918 2685 1070 2768 agmento

19 2787 213 2924 „ltili
227 2767 956 2946 llttttllllllllltztlll
968 2773 1107 2929 alet

59 2942 255 3012 referuntur:
274 2967 313 3013 ex
332 2946 449 3034 quibus
466 2946 522 3013 uix
541 2945 710 3034 octoginta
728 2969 786 3033 per
803 2947 917 3035 fugam
930 2947 1016 3035 lapsi
1030 2947 1070 3014 sd

59 3032 207 3116 proxima
225 3033 393 3102 Gallorum
411 3037 521 3102 castra
541 3039 709 3102 uenerunt
745 3041 914 3120 praeterea
930 3037 1070 3103 Aruerni
1088 3053 1106 3106 s

59 3121 220 3206 ceterique
252 3123 411 3208 confines,
448 3122 634 3190 sollicitatis
665 3124 766 3190 etiam
798 3122 839 3189 ad
871 3145 906 3190 ae
938 3123 1070 3210 Aeduis,

59 3207 171 3275 multis
198 3208 369 3276 adamum
397 3209 570 3279 Caesarem
596 3211 729 3298 proeliis
756 3211 969 3282 bellauernnt
1013 3212 1105 3299 quie

19 3309 47 3351 ω
59 3313 133 3360 eum
155 3316 191 3361 se
212 3296 385 3380 pugnando
408 3298 539 3384 fatigati
561 3299 597 3364 in
615 3298 777 3384 quoddam
795 3299 965 3366 castellum
982 3320 1069 3366 rece-

60 3381 198 3467 pissent,
224 3381 344 3448 milites
371 3383 510 3469 praedae
536 3384 701 3452 inhianms
729 3385 770 3452 ad
797 3387 1068 3474 expugnationem

60 3466 171 3553 oppidi
189 3468 333 3534 animum
351 3469 532 3556 intendunt,
553 3471 677 3538 frustra
699 3471 836 3541 anmra
859 3474 899 3541 de
921 3473 986 3542 loci
1006 3473 1068 3542 ini·
