2724 3808
423 152 621 210 ADVERSVH
637 151 803 210 rhemos
821 153 835 208 1
853 156 879 210 8.
1133 147 1155 218 9

142 301 277 370 ultimue
299 306 409 370 eutem
430 299 518 368 inter
530 298 619 368 Ecce
641 305 676 368 et
687 298 888 387 Peeeyedrue
907 319 1001 368 mour
1014 298 1156 387 Imeuue,
1173 311 1210 364 cc

142 391 199 459 nbi
212 390 333 457 flumen
342 387 570 477 Chrysorhoan
584 392 619 456 et
630 389 893 476 promunturium
903 385 1039 456 Sumere
1051 388 1156 456 orien-

142 480 202 548 tuii
233 479 437 566 excipiuntur
463 499 593 546 oceeno.
637 477 741 567 igitur
762 499 783 546 e
804 481 916 546 monte
939 476 1067 563 Imuuo,
1093 475 1156 545 hoc
1173 488 1211 541 cr

69 600 92 642 n
104 588 130 632 n
142 575 193 639 ert
214 569 256 637 ub
278 569 344 637 imo
358 564 506 636 Oeuceeo
528 571 563 636 et
579 567 692 634 dextre
709 566 843 635 orientie
861 563 964 654 perite
982 587 1047 656 que
1064 587 1156 635 oceu-

103 677 117 721 c
142 681 203 729 nue
221 657 349 727 Sericum
371 658 525 761 tenditur,
546 677 650 744 usqne
672 655 714 724 ed
737 655 997 745 promunturium
1015 655 1156 723 Boreum

143 752 177 815 et
197 746 318 814 flumen
336 745 487 829 Boreum,
508 744 585 811 inde
607 749 704 812 tenen
723 742 875 900 chthico
898 745 982 812 meri
1025 743 1088 811 uod
1106 748 1158 811 eet

143 857 163 904 e
189 835 424 924 septentrione,
450 855 489 901 ue
511 854 552 900 ue
577 832 620 899 ed
641 854 732 900 mere
783 832 910 920 neptum
933 855 977 920 qu
1042 835 1094 900 eet
1114 832 1157 900 eb
1232 913 1237 925 ἣ

142 945 266 1012 occeen,
288 929 323 991 et
343 945 445 1012 neque
531 924 699 990 extentum
713 918 850 990 Oeuceei
870 922 982 1010 iugum
1001 920 1090 1009 quod
1107 925 1158 990 eet

143 1013 185 1085 ed
206 1013 388 1100 meridiem,
414 1011 645 1102 Hyrcanorum
668 1015 702 1082 et
724 1007 921 1101 Scytharum
944 1017 1057 1102 genter
1079 1014 1159 1080 runt

103 1125 231 1264 ιοκζιι,
261 1110 397 1264 ww
425 1107 587 1172 terrerum
617 1102 826 1172 infecundum
856 1102 1061 1172 diffueicnem
1090 1103 1157 1170 lete

143 1217 164 1264 o
187 1217 281 1265 erran

209 1283 313 1351 Mean
345 1279 502 1352 cremer
534 1282 596 1350 rub
623 1280 799 1368 Aquilonie
829 1279 929 1368 pinge
959 1279 1002 1346 eb
1035 1299 1156 1348 ccceno
1174 1288 1213 1342 48

143 1373 255 1459 oritur,
277 1371 368 1441 cuiue
390 1373 527 1458 utreque
549 1371 636 1438 circe
657 1391 815 1438 ocennum
836 1368 934 1436 litore
956 1373 991 1436 et
1011 1367 1086 1436 locu
1103 1367 1157 1436 de·

144 1465 232 1530 certe
252 1461 439 1548 inculteque
461 1458 633 1527 hahentur.
672 1459 749 1526 inde
771 1456 940 1526 meridiem
962 1477 1076 1525 uerene
1098 1478 1158 1543 per

104 1550 260 1639 colonges
293 1571 335 1616 eu
382 1549 464 1617 etiee
496 1548 653 1632 tenditur,
685 1548 787 1616 donec
816 1567 875 1633 per
901 1566 1023 1634 megne
1049 1544 1158 1631 rpetie

143 1638 314 1705 dilemtnm
376 1637 465 1705 uceei
487 1637 611 1705 montio
629 1635 792 1704 redicibue
809 1635 1012 1702 terminetur.
1046 1635 1211 1721 ireque-o

143 1747 164 1792 u
184 1727 268 1793 meri
282 1725 402 1812 Caepio
425 1725 511 1812 quod
534 1728 585 1792 eet
606 1723 835 1809 adorientem,
857 1742 1024 1810 perorem
1043 1721 1158 1790 oceeni

143 1813 405 1904 septentrionalis
427 1836 530 1904 neque
552 1814 595 1882 ud
609 1811 750 1882 Teneim
772 1810 908 1880 fluuium
929 1814 965 1880 et
977 1808 1158 1880 Meeotidnr

142 1905 277 1991 peludee
304 1925 387 1992 queo
413 1909 491 1972 eunt
516 1904 559 1971 cd
585 1911 750 1984 cocetum,
781 1923 840 1989 per
865 1902 943 1969 lituo
972 1897 1158 1968 Cimmerici

102 2009 130 2052 rc
143 1993 243 2059 merie
275 1992 363 2078 quod
394 1995 446 2058 ert
471 1993 514 2059 eb
541 1991 670 2075 Africo,
700 2012 803 2076 neque
829 1988 871 2057 cd
898 1993 997 2075 ceput
1024 1995 1058 2056 et
1084 2011 1158 2075 por·

142 2085 195 2152 tce
210 2077 348 2146 Geucuei
362 2099 446 2163 quoe
460 2084 536 2145 eunt
550 2078 591 2145 ed
606 2078 783 2160 meridiem,
797 2081 915 2163 genter
929 2079 1007 2142 runt
1019 2093 1157 2142 xxxrrn.

63 2182 74 2237 t
142 2165 197 2232 red
227 2165 425 2250 generaliter
451 2166 542 2250 regio
570 2165 722 2250 proxime
747 2162 904 2248 Albanio,
933 2163 1069 2231 ulterior
1097 2163 1158 2230 rub
1176 2171 1213 2224 cc

74 2249 78 2262 “
142 2252 226 2319 meri
248 2256 283 2319 et
304 2254 416 2318 monte
439 2249 558 2337 Oeepic
581 2251 785 2319 Arnenonum
806 2251 1004 2317 nominetur.
1164 2283 1167 2290 ·

208 2337 365 2426 Expliciti
387 2343 464 2406 eunt
486 2359 585 2424 quum
606 2338 799 2406 breuireime
822 2337 904 2405 finer
925 2337 1036 2405 heire.
1071 2347 1209 2405 nuncet

68 2454 90 2494 u
103 2425 315 2494 ”Eunonen
339 2423 381 2492 'in
407 2431 566 2512 quantum
593 2426 774 2512 cognitioni
800 2424 943 2493 hominio
970 2426 1159 2494 conceditur

104 2531 130 2573 κ
144 2513 219 2582 etilo
242 2513 457 2601 pernegebor.

209 2601 329 2692 Inepte
346 2623 367 2672 e
384 2600 552 2672 montibus
566 2599 722 2691 Riphaeis
736 2621 774 2671 ec
787 2597 920 2668 flumine
933 2597 1037 2669 'l'enci
1049 2597 1157 2669 Meco-
1176 2609 1212 2664 cr

142 2693 284 2781 tidieque
307 2693 484 2780 poenibus
512 2714 595 2780 quoe
623 2697 701 2760 eunt
727 2691 768 2760 ed
796 2691 969 2776 orientem,
996 2711 1055 2778 per
1080 2691 1158 2758 lituo

144 2781 408 2870 reptent-ionalir
435 2780 549 2849 oceani
576 2803 679 2868 neque
708 2780 750 2849 ud
771 2778 913 2848 Gellium
934 2777 1103 2868 Belgicam
1125 2785 1160 2848 et

104 2887 131 2930 cc
143 2870 263 2938 flumen
275 2869 427 2937 Rhenum
450 2870 537 2957 quod
559 2875 612 2938 eet
633 2871 676 2937 eb
698 2891 816 2938 occueu
832 2869 1022 2954 dcccmdcrce,
1043 2867 1159 2936 deinde

143 2981 244 3047 neque
268 2958 309 3025 ed
327 2955 515 3026 Danuuium
538 2979 634 3044 quem
657 2962 692 3025 et
706 2956 858 3025 Hietrnm
881 2960 1011 3043 nocent,
1033 2957 1090 3062 qui
1107 2961 1159 3024 eet

143 3068 163 3112 e
191 3046 325 3115 meridie
356 3050 390 3114 et
417 3045 459 3114 ed
492 3047 652 3115 orientem
682 3045 825 3115 directnr
854 3045 961 3114 Ponto
990 3045 1158 3132 accipitur.

144 3135 186 3203 eb
209 3136 334 3204 oriente
356 3133 479 3202 Aleuie
500 3139 559 3222 eet,
580 3135 615 3203 in
638 3133 745 3203 medio
767 3133 871 3203 Deci·
893 3133 950 3201 nbi
973 3138 1007 3201 et
1028 3131 1158 3220 Gothic,
1175 3143 1213 3196 tc

143 3222 258 3290 deinde
280 3219 456 3290 Germanic
481 3228 533 3291 eet
557 3224 614 3291 ubi
641 3223 817 3310 plurimum
838 3227 967 3311 portem
989 3220 1090 3291 Suebi
1109 3227 1158 3290 te-

104 3328 131 3372 ce
143 3314 233 3376 nent.
248 3339 254 3352 ·
268 3330 407 3396 qnorum
429 3313 576 3379 omnium
596 3316 676 3379 eunt
696 3316 812 3399 genter
835 3327 921 3380 nnn
1221 3313 1224 3318 ’

209 3394 307 3463 Nunc
342 3396 419 3482 quid
442 3398 498 3464 uid
530 3398 701 3466 Danuuium
736 3420 757 3464 e
792 3399 963 3465 berterico
994 3395 1036 3464 ed
1067 3417 1156 3464 mere
1175 3409 1212 3460 cc

165 3479 302 3550 'ochum
325 3483 413 3550 recle
438 3485 465 3551 't
485 3485 663 3570 expectem
