2820 3778
437 133 633 189 anmasvu
650 133 815 188 euersos
833 134 858 186 v
876 138 901 188 a.
920 139 945 188 s.
1140 129 1203 194 147

101 308 124 350 s
137 293 178 338 Μ
262 275 298 344 *A
321 276 376 363 pio
399 275 536 346 Claudio
555 275 592 355 Q.
611 273 754 344 Caecilio
772 273 906 343 Metello
929 275 1117 342 consulibus
1137 275 1239 360 Ap?

190 367 265 453 pius
288 299 442 433 dontius
467 365 623 432 aduersus
646 360 796 430 Salassos
819 363 931 430 Gallos
954 385 1148 450 congressus
1170 367 1205 430 et

190 455 297 524 uictus
315 454 457 543 quinque
476 452 570 522 milia·
585 452 726 520 militum
739 450 888 538 perdidit.
920 457 1071 540 reparata
1083 471 1206 541 pugna,

191 545 333 634 quinque
355 544 448 614 milia
469 543 614 613 bostium
636 539 763 612 occidit.
801 541 858 610 sed
881 563 955 611 cum
978 543 1069 611 iuxta
1092 543 1205 632 legem,

163 650 256 722 tque
282 635 495 702 constitutum
523 637 608 716 erat,
635 632 836 716 utquisque
863 633 1004 720 quinque
1032 633 1125 699 milia
1146 632 1206 699 ho-

190 723 290 790 etium
311 722 504 807 peremisset
520 717 742 807 triumphandi
760 716 1120 806 haberettpotestatem,
1142 721 1205 786 iste

211 829 317 897 noque
339 809 542 914 triumphum
566 807 754 894 expetisset,
778 810 914 893 propter
935 807 1104 894 superiora
1125 827 1204 874 uero

190 833 312 966 damna
342 919 408 965 nou
439 896 694 984 impetrauisset,
725 891 841 961 infami
873 895 1074 983 impudentia
1105 899 1204 981 atque

189 987 368 1055 ambitione
391 1007 469 1054 usus
492 984 631 1072 priuatis
654 983 838 1068 sumptibus
861 983 1087 1072 triumphauit

149 1091 177 1134 ¹⁰
256 1075 293 1145 ll.
319 1074 461 1145 Caecilio
490 1073 623 1143 Metello
653 1073 691 1153 Q.
714 1069 817 1141 Fabio
847 1072 989 1142 Maximo
1020 1071 1239 1142 Semiliano⁸

189 1165 376 1234 consulibus
407 1166 495 1233 inter
525 1167 633 1232 cetera
663 1163 814 1251 prodigia
843 1162 1053 1251 androgynus
1080 1163 1204 1232 &mae

188 1254 279 1322 nisus
302 1256 392 1323 iussu
413 1253 621 1342 haruspicum
643 1253 678 1319 in
700 1273 790 1320 mare
808 1273 934 1320 mersus
952 1258 1012 1320 est
1047 1251 1103 1320 sed
1121 1253 1204 1321 nibil

186 1345 308 1432 impiae
317 1343 513 1431 expiationis
528 1341 713 1430 procuratio
727 1340 880 1429 proiecit3
894 1363 972 1409 nam
985 1346 1079 1409 tanta
1093 1343 1203 1412 subito

188 1433 375 1520 pestilentia
392 1437 507 1500 exorta
523 1435 583 1516 est,
605 1433 643 1497 ut
663 1430 807 1497 ministri
830 1450 960 1518 quoque
983 1429 1204 1499 faciendorum

148 1535 176 1579 ¹⁸
189 1522 338 1589 funerum
366 1521 509 1626 primum
524 1541 606 1613 'non
634 1517 822 1587 sufficereut
848 1518 963 1586 deiude
989 1540 1058 1587 non
1080 1526 1203 1607 essent;

188 1611 317 1698 iamque
336 1614 435 1678 etiam
453 1629 593 1699 maguae
611 1607 727 1677 domus
745 1631 868 1676 monae
886 1608 970 1676 uiuis
988 1609 1104 1695 plenae
1118 1630 1204 1677 mor·

188 1701 254 1768 tuis
273 1703 513 1768 remanserunt:
537 1697 740 1788 largissimae
758 1697 936 1766 introrsum
954 1697 1152 1766 hereditates
1170 1703 1205 1767 et

187 1787 270 1856 nulli
315 1789 423 1856 enitus
440 1787 585 1855 heredes.
620 1786 760 1875 denique
777 1787 844 1854 iam
862 1809 929 1854 non
947 1789 1053 1861 solum
1070 1789 1105 1854 in
1123 1788 1203 1856 urbe
1221 1790 1239 1842 ⁹

186 1811 318 1944 uiuendi
346 1877 403 1944 sed
430 1877 531 1946 etiam
553 1875 835 1963 adpropinquandi
858 1875 900 1943 ad
923 1874 1037 1943 urbem
1058 1876 1202 1963 negaba·

146 1980 174 2026 ὀ
186 1970 242 2034 tur
260 1965 409 2052 facultas,
430 1971 500 2033 tam
518 1965 608 2034 saeui
625 1967 807 2052 pertatem
829 1965 944 2033 urbem
965 1965 1203 2034 tabescentium

186 2054 247 2121 sub
277 2055 372 2122 tectis
402 2059 500 2142 atque
531 2055 565 2122 in
598 2054 710 2121 stratis
743 2054 809 2128 suis
842 2053 1035 2122 cadauerum
1068 2059 1202 2141 putores

185 2142 431 2212 exhalabantur.

251 2229 408 2317 Expiatio
434 2231 494 2297 illa
516 2229 654 2298 crudelis
677 2234 712 2298 et
734 2230 822 2297 niam
846 2231 1007 2298 mortibus
1030 2231 1200 2300 bominum
1220 2233 1254 2286 1⁰

186 2324 290 2388 morte
312 2318 455 2387 hominis
478 2324 605 2387 struem
623 2319 755 2387 undem
773 2319 931 2387 Romanis
949 2319 1034 2388 inter
1051 2321 1201 2390 miserias

96 2437 119 2479 r·
131 2421 173 2467 Ν
187 2431 264 2477 suas
282 2409 555 2494 erubescentibus,
573 2430 672 2497 quam
693 2407 820 2476 misera
838 2413 872 2477 et
888 2431 974 2477 uana
991 2415 1088 2498 esset,
1109 2411 1200 2479 inno·

144 2498 258 2566 scuit
303 2503 380 2566 ante
408 2498 495 2566 enim
524 2498 559 2565 in
589 2497 780 2588 suffragium
810 2499 1067 2588 praesentandae
1097 2499 1200 2569 eladis

184 2587 375 2676 attiuhits,
393 2592 427 2656 et
445 2589 492 2657 sic
510 2587 700 2676 pestilentia
717 2594 893 2657 consecuta
910 2593 973 2677 est3
992 2610 1075 2677 quoe
1088 2595 1200 2660 tamen

183 2678 254 2747 sine
284 2679 361 2746 ullis
394 2679 627 2747 sacrificiorum
658 2678 938 2748 satisfactionibus
970 2681 1199 2749 tantummodo

183 2767 358 2839 secundum
377 2791 564 2839 mensuram
582 2769 693 2838 mesni
711 2768 822 2838 iudicii
844 2769 974 2858 expleta
995 2770 1199 2860 correptione

141 2874 169 2919 υ
183 2858 297 2928 sedata
311 2864 371 2928 est
397 2882 494 2948 quam
510 2859 539 2927 si
553 2859 692 2927 artifices
710 2859 760 2926 illi
773 2861 1086 2928 circumuentiouum
1099 2861 1197 2929 haru-
1212 2865 1250 2917 1¹

181 2949 286 3039 apices
300 2950 362 3018 sub
379 2948 452 3036 ipsa
469 2953 507 3016 ut
519 2946 669 3016 adsolent
681 2946 897 3017 declinatione
910 2948 1099 3018 morborum
1111 2950 1198 3019 torte

181 3039 410 3124 celebrassent,
432 3039 544 3143 procul
568 3037 667 3106 dubio
690 3037 754 3106 sibi
779 3039 830 3106 die
855 3043 889 3107 et
912 3038 1030 3108 ritibus
1055 3040 1124 3108 suis
1148 3061 1197 3108 re·

110 3188 113 3194 .
180 3128 296 3198 ductae
309 3129 463 3196 smitam
482 3127 621 3216 gloriam
638 3127 867 3197 uindicaseent
902 3130 951 3196 ita
968 3129 1089 3196 misera
1107 3134 1141 3197 et
1154 3129 1195 3196 ad

180 3217 353 3305 sacrilegia
371 3216 456 3284 male
473 3215 628 3305 religiosa
646 3215 763 3284 ciuitas
781 3215 967 3306 mendaciis,
985 3217 1104 3306 quibus
1117 3217 1196 3286 libe·

139 3321 167 3366 π
179 3307 247 3374 rari
268 3327 336 3373 non
357 3310 502 3392 poterat,
523 3303 705 3373 ludebatur.

245 3391 352 3481 Igitur
373 3391 494 3461 Fabius
516 3394 630 3462 consul
653 3398 769 3461 contra
785 3393 960 3464 Lusitanos
983 3401 1016 3464 et
1028 3395 1193 3465 Viriatum
1212 3399 1247 3454 1¹

179 3478 338 3548 dimicans
359 3479 513 3550 Bucciam
536 3482 707 3569 oppidum,
728 3484 815 3570 quod
837 3482 986 3552 Viriatus
1010 3485 1192 3572 obsidebat,

978 3584 1032 3644 10*
