2744 3800
315 129 512 188 abversum
528 131 694 186 recusos
711 133 764 186 vn
782 136 808 187 ι.
826 135 852 188 ι.
1013 129 1077 198 241

68 277 120 342 uel
147 273 257 360 potius
284 273 318 340 in
345 274 404 340 illa
430 274 592 342 horrenda
618 280 714 343 nocte
741 280 812 342 toto
839 277 930 343 eaelo
952 276 1080 344 fulsisse

68 363 235 431 referatur.
276 362 362 468 qnod
390 383 457 430 non
484 361 591 430 solum
614 368 800 431 sanctorum
823 363 1080 453 Euangeliorum

68 453 158 534 tides,
179 451 235 518 sed
254 457 354 520 etism
372 451 530 540 aliquanti
548 450 747 520 Graecorum
766 453 842 521 libri
864 454 1078 523 adtestantur.

67 544 133 610 iam
146 541 222 608 hinc
235 546 313 627 post
325 541 511 628 passionem
524 539 667 627 Domini,
685 565 781 630 quem
794 542 908 610 Iudaei
920 549 1079 630 quantum
1098 553 1133 606 te
1268 566 1272 575 ¹

42 629 195 718 cinipsis
209 629 274 696 tuit
284 632 446 716 persecuti
460 633 544 714 sunt,
563 630 736 698 continuae
756 629 864 699 clades
877 629 1080 718 Iudaeorum,
1269 663 1273 672 ·

16 737 55 780 ιιι
69 719 170 786 donoc
183 717 340 785 exinaniti
353 718 553 806 dispersique
567 718 727 804 deficiant,
740 717 987 787 incealsabiliter
999 725 1079 787 stre·
1269 773 1274 785 .

67 812 157 895 punt
184 805 333 875 'liberius
348 805 507 912 siquidem
521 807 724 874 iuuentutem
742 829 853 876 eorum
866 830 926 895 per
939 808 1080 894 speciem
1099 815 1134 871 ts
1269 789 1274 825 ¹

68 895 261 964 sacramenti
280 895 316 962 in
333 896 519 982 prouincias
537 895 700 983 maioris
718 896 802 963 caeli
820 896 988 985 relegauit,
1005 897 1081 964 reb·

68 1007 149 1072 quos
176 985 285 1073 gentis
313 984 457 1052 eiusdem
484 986 537 1051 uel
565 983 686 1052 similia
710 989 873 1053 sectantes
896 985 976 1053 urbe
1005 987 1079 1054 sub·

29 1075 170 1142 remouit
187 1075 248 1142 sub
265 1095 372 1161 poena
389 1077 565 1160 perpetuae
582 1075 760 1162 seruitutis,
777 1075 842 1142 nisi
860 1074 1079 1162 obtemperas·
1103 1090 1104 1093 ’

67 1170 147 1233 sent
192 1185 270 1232 sane
298 1161 398 1231 Asiae
428 1163 579 1233 ciuitates
607 1163 664 1232 illc
693 1169 799 1234 terrac
829 1168 921 1234 motu
953 1166 1078 1234 dirutas
1098 1171 1133 1228 te
1271 1245 1275 1268 ,

66 1256 190 1322 tributo
208 1254 343 1322 dimisso
361 1255 496 1342 propria
514 1253 614 1322 ctiam
632 1255 829 1323 liberalitate
847 1256 993 1327 donauit
1024 1256 1079 1323 bic

66 1344 228 1431 ambiguis
250 1343 354 1429 signis
376 1343 493 1408 ueneni
516 1343 609 1409 obiit.

131 1431 227 1498 Anno
251 1431 293 1497 ab
316 1429 396 1497 urbe
419 1429 551 1508 condita
577 1445 693 1498 cccxc
720 1431 836 1498 tertius
864 1433 906 1499 ab
928 1429 1116 1520 Augustei

27 1537 53 1583 ιι
66 1520 167 1590 Gaius
193 1517 345 1610 Caligula
371 1540 508 1609 regnare
535 1519 643 1608 coepit
669 1521 854 1610 mansitque
880 1523 915 1589 in
942 1521 1079 1610 imperio

66 1613 159 1679 annis
190 1633 256 1678 non
289 1610 394 1697 plenis
426 1614 595 1698 quattuor,
625 1610 725 1678 bomo
756 1611 902 1678 omnium
934 1615 1011 1678 ante
1043 1633 1079 1678 se

65 1699 339 1788 flagitiosissimus
362 1701 397 1765 et
418 1696 477 1786 qni
499 1719 575 1765 nere
602 1697 721 1787 dignus
744 1699 902 1767 Romanis
926 1698 1078 1787 blaspbe-

65 1787 229 1858 mantibus
256 1793 291 1857 et
315 1786 444 1858 ludaeis
472 1787 734 1876 persecutoribus
756 1787 888 1878 punitor
911 1787 1077 1859 adhibitum

64 1879 235 1948 uideretur.
279 1880 346 1966 hic,
369 1884 407 1946 ut
429 1879 573 1948 breuiter
595 1877 853 1966 magnitudinem
876 1879 1114 1949 crudelitatis!

26 1970 132 2036 ”eius
155 1989 356 2055 expromam,
379 1969 578 2034 exclamasse
599 1967 716 2035 lemur:
741 1968 888 2035 utinam
911 1969 1078 2055 populus

13 2055 619 2126 ⁴⁸¹ltoma¹nusunamceruicem
640 2055 812 2125 baberet
859 2057 1079 2144 scopantium
1164 2095 1165 2100 ι
1220 2087 1224 2094 ·

65 2147 104 2215 de
122 2145 309 2214 condicione
331 2150 514 2232 temporum
537 2167 670 2214 morum
692 2149 888 2234 conquestus
911 2145 1079 2235 estquod

66 2235 164 2304 nullis
187 2235 429 2304 calamitatibus
451 2235 592 2324 publicis
614 2235 858 2322 insignirentur.
923 2271 925 2276 ·

131 2324 159 2391 0
189 2325 288 2428 beata
310 2323 465 2428 'permina
502 2325 657 2428 temporis
689 2323 882 2411 Christiani,
918 2329 1111 2412 quantums

26 2412 290 2498 spmeualmstis
318 2434 355 2479 ιιι
383 2412 480 2479 rebus
507 2411 674 2498 humanis,
705 2415 743 2478 ut
773 2413 872 2480 etism
902 2411 1075 2480 crudelitas

26 2497 204 2572 'bominis
234 2501 339 2593 magis
368 2499 512 2591 potuerit
543 2499 650 2570 clades
681 2499 865 2572 desiderare
897 2523 996 2592 quam
1027 2501 1076 2572 in·

64 2593 187 2661 uenire!
223 2614 297 2662 ecce
324 2594 364 2661 de
391 2591 630 2680 tranquillitate
658 2593 803 2681 genemli
831 2592 944 2661 teritus
967 2593 1076 2661 ieiuna

64 2683 284 2770 conqueritur3
692 2765 771 2823 hm
788 2763 828 2821 im
848 2763 892 2822 im
910 2763 987 2822 m

24 2843 51 2886 ‘⁰
158 2835 571 2978 eremum:
585 2835 975 2964 ιιιιιιι·

64 3031 148 3098 serui
174 3030 312 3100 rebelles
340 3036 374 3099 et
401 3031 533 3121 fugitiui
561 3031 760 3136 gladiatores
782 3035 984 3119 perterruere
1011 3031 1112 3100 Ito-c

62 3141 157 3206 mam,
176 3127 320 3190 euertere
342 3121 483 3207 ltaliam,
506 3119 651 3189 Siciliam
673 3120 871 3208 deleuernnt,
888 3119 953 3187 iam
961 3141 1075 3274 paene

62 3208 211 3276 uniuerso
230 3209 373 3277 humano
392 3209 503 3297 generi
520 3212 591 3276 tcto
610 3209 689 3276 orbe
711 3209 891 3295 metuendi3
907 3209 943 3275 in

23 3306 50 3348 ιο
63 3298 170 3360 autern
200 3296 329 3381 salutis,
357 3296 421 3364 boo
450 3299 502 3363 est
530 3296 731 3383 temporibus
761 3295 970 3382 Οἱιιίιιίιιιιὶι,
998 3316 1073 3362 con·

62 3379 180 3446 uellere
207 3382 348 3468 quietem
375 3403 442 3448 non
469 3387 579 3470 potest
605 3381 659 3450 uel
681 3379 803 3452 (laesas
829 3383 978 3452 infestus.
1017 3380 1108 3449 hice

64 3463 219 3549 siquidem
239 3489 357 3554 magno
371 3474 406 3536 et
418 3469 601 3538 incredibili
613 3475 775 3558 apparatu
792 3471 958 3560 proiectus
975 3492 1073 3559 quae·

114 3571 479 3625 oscaram-memma.
879 3581 912 3632 16

982 3207 1074 3274 iebus
1213 3243 1214 3248 ¹
