2826 3784
392 147 590 202 snvnasvrr
606 147 772 202 rsosnos
789 147 815 200 v
834 150 876 202 ιι.
894 151 938 203 ao.
1104 141 1168 210 175

156 289 746 469 resurrectos
759 295 813 447 ι
835 291 1167 468 socru
1185 302 1219 355 ²⁹

155 469 333 557 interfecit,
359 470 447 538 bona
473 471 542 538 suis
563 469 747 557 diripiendo
767 467 923 556 permisit
967 470 1044 555 post
1064 465 1169 536 Oinoa

157 561 271 630 consul
293 581 367 627 cum
389 558 573 646 legionibus
592 564 626 626 et
643 557 765 625 Marius
788 579 861 626 cum
883 557 1031 647 fugitiuis
1054 556 1168 624 urbem

104 647 719 803 '⁸i”3¹⁰⁸1⁸i”⁰b·ffi⁸⁸ii³⁰ti,fqu⁰⁸q¹l⁰
751 667 769 713 s
800 649 916 713 senatu
947 649 982 713 et
1011 645 1168 732 plurimos

156 759 256 806 consu
270 757 342 803 ares
363 756 452 803 uiros
474 753 510 802 m
574 756 690 802 ecsmn

224 824 287 894 Sed
314 830 415 912 quota
435 823 516 892 baec
537 823 645 911 portio
668 824 852 891 ostentatae
874 820 1023 888 miseriae
1045 819 1118 888 est?
1132 842 1169 884 ee
1185 823 1223 877 ²⁰

157 937 223 984 uno
240 913 341 982 uerbo
359 913 510 980 delinisse
532 913 663 980 caedem
686 911 856 996 bonorum,
878 910 969 978 cuius
991 908 1056 978 fuir
1076 913 1170 977 tanta

156 1002 385 1088 numerositas,
405 1004 501 1069 tanta
523 999 732 1081 diuturnitas,
753 1001 847 1066 tanta
868 999 1041 1066 crudelitas
1063 1002 1170 1066 tanta
1314 1081 1316 1084 Ι

118 1107 221 1179 ioque
249 1090 446 1158 diuersitas?
489 1092 713 1156 cerumtamen
742 1087 876 1174 aequius
899 1091 950 1154 cst
971 1109 1023 1154 me
1045 1084 1170 1174 aliquid
1187 1081 1224 1134 ¹²

47 1189 49 1196 '
156 1178 312 1247 utilitatis
329 1177 529 1245 subtraxisse
547 1197 662 1244 causeo
684 1197 783 1262 quam
806 1179 932 1243 tantum
955 1175 1099 1244 horroris
1121 1175 1171 1242 in·

157 1268 297 1357 gessisse
319 1266 468 1354 notitias,
491 1266 561 1334 siue
582 1264 698 1354 peritis
721 1264 803 1334 baec
825 1263 894 1332 siue
916 1263 1077 1352 imperitis
1100 1263 1171 1332 obi·

158 1359 295 1425 ciuntur.
339 1356 379 1423 de
407 1355 515 1443 putria
542 1355 716 1442 siquidem,
747 1353 787 1422 de
816 1353 943 1422 ciuibus
971 1358 1005 1422 et
1032 1354 1073 1422 de
1102 1375 1169 1420 me·
1186 1355 1224 1410 ¹¹

157 1446 281 1514 ioribus
302 1445 425 1512 nostris
446 1445 528 1512 boec
549 1444 721 1532 loquimur,
744 1443 799 1531 qui
822 1441 874 1511 bis
896 1443 1054 1532 exagitati
1076 1442 1172 1510 malis

118 1539 226 1600 utam
253 1530 473 1600 abominanda
499 1536 685 1621 gesserunt,
711 1531 751 1598 de
778 1531 897 1618 quibus
924 1533 1023 1598 etiam
1049 1530 1171 1598 auditis

157 1622 281 1709 posteri
302 1620 565 1706 perhorrescant,
591 1621 648 1707 qui
675 1620 822 1707 proiecto
848 1619 966 1686 nolunt
986 1620 1052 1686 ista
1072 1617 1172 1686 nimis

103 1737 105 1744 ’
158 1709 349 1798 exaggerari
385 1712 443 1776 aut
473 1706 665 1776 sufficientia
696 1707 835 1776 notitiae
870 1707 1108 1794 moderatione,
1143 1705 1172 1775 si

159 1799 275 1883 sciunt,
297 1801 356 1864 aut
377 1797 592 1866 misericordis
615 1796 817 1865 reuerentiae
839 1795 1121 1884 contemplatione,
1143 1795 1172 1862 si

157 1887 316 1953 nesciunt

118 1989 146 2031 se
224 1971 331 2058 Igitur
348 1970 471 2038 Murius
490 1993 563 2038 cum
585 1972 830 2039 interfectorum
852 1971 972 2038 ciuium
994 1972 1103 2059 capita
1123 1969 1172 2036 in·
1189 1975 1225 2027 2⁸

158 2061 227 2128 lata
257 2059 433 2145 conuiuiis,
462 2059 575 2127 oblata
602 2056 786 2148 capitoliis,
815 2061 945 2127 conlata
971 2059 1101 2128 Rostris
1130 2058 1172 2126 cd

158 2147 379 2236 spectaculum
397 2151 609 2237 ornatumque
628 2152 817 2236 congereret
838 2171 876 2217 ac
899 2148 1074 2236 septimum
1096 2167 1172 2216 con·

161 2237 304 2304 sulatum
334 2256 407 2302 cum
437 2233 543 2304 Oinoa
571 2239 705 2304 tertium
733 2237 864 2305 consulo
894 2237 1107 2324 perussisset,
1137 2235 1173 2303 iu

159 2324 290 2393 exordio
318 2323 501 2392 consularis
528 2325 657 2410 imperii
684 2347 756 2392 sera
785 2325 917 2392 tandem
945 2329 1050 2392 morte
1078 2345 1173 2411 prae-

118 2433 146 2478 sa
158 2417 271 2503 reptos
292 2415 352 2482 eat
387 2410 493 2482 Oinoe
514 2415 675 2483 bonorum
693 2436 789 2484 neces
807 2415 966 2483 malorum
984 2414 1080 2484 caede
1097 2435 1172 2502 sup·
1190 2418 1227 2473 Μ

158 2505 269 2592 pleuit
313 2525 391 2571 nam
413 2525 488 2573 cum
510 2504 697 2574 introducta
717 2526 777 2594 per
798 2505 937 2573 Marium
960 2504 1173 2594 fugitiuorum

158 2613 276 2660 manus
302 2593 500 2661 insatiabilis
527 2594 705 2680 praedandi
728 2600 815 2661 asset
835 2595 1023 2680 nullamque
1045 2597 1173 2680 partem

159 2680 348 2784 auctoribus
375 2681 515 2784 prosdae
541 2682 728 2784 consutitias
756 2681 971 2784 ministrarat,
999 2681 1035 2746 iu
1058 2680 1173 2785 'sorum

72 2793 94 2836 ⁹·
107 2785 147 2920 i
160 2790 253 2949 ἓξὲξ
268 2767 1025 2930 timidissimi&{illuit
1038 2789 1174 2928 ill,

159 2949 251 3017 urbis
278 2954 353 3016 octo
380 2950 474 3017 milia
500 2949 729 3040 fugitiuorum,
755 2949 904 3037 idemque
926 2947 1034 3018 (linna
1055 2952 1173 3036 quarto

159 3037 274 3107 consul
297 3039 339 3106 ab
362 3039 505 3108 exercitu
527 3061 586 3116 suo
608 3037 798 3108 interiectos
821 3044 880 3107 est

226 3127 356 3196 Interea
381 3129 503 3198 residui
531 3133 719 3198 senatorum
757 3129 812 3217 qui
833 3130 1016 3234 potantium
1039 3125 1173 3216 Omnes,
1187 3133 1227 3194 ἕο

158 3216 258 3285 Marii
280 3216 515 3309 crudelitatem,
537 3219 699 3288 insaniam
721 3180 885 3288 limbnae
904 3217 1102 3306 Sertoriique
1119 3240 1173 3287 au·

119 3321 147 3364 es
159 3305 285 3371 daciam
302 3304 382 3390 iuga
401 3313 581 3394 sumerant,
603 3307 780 3375 trunsuecti
798 3307 835 3374 in
852 3306 1021 3377 Graeciam
1040 3327 1174 3396 coegere

159 3390 309 3476 precibus
328 3389 462 3477 Syllam,
484 3400 523 3460 nt
585 3395 744 3461 riclitanti
767 3395 867 3464 immo
889 3397 955 3464 iam
977 3415 1080 3482 psene
1102 3401 1174 3484 pe‘r·

160 3477 246 3542 ditae
267 3477 393 3561 patriae
417 3501 513 3566 opem
550 3487 645 3548 erret.
680 3482 782 3570 igitur
804 3479 899 3570 Sylla
919 3506 997 3553 mox
1017 3488 1059 3551 nt
1078 3481 1207 3552 Cam-s
