2750 3800
346 114 543 170 ADVERSVM
559 113 726 171 PAGANOS
742 117 782 170 Vl
801 121 843 173 lt.
1039 112 1105 182 213

92 282 238 347 currene,
265 281 441 346 omnesque
468 258 592 346 pariter
618 259 775 328 duamur
797 258 970 329 Oetam
997 264 1032 329 et
1052 259 1106 328 Li·

13 383 26 414 ι.
39 369 78 412 ιιι
92 351 209 418 bouem
222 346 371 438 prollecti
385 353 419 416 et
431 348 511 416 uicti
528 353 615 417 aaut.
647 349 811 418 Antonine
829 371 903 418 cum
921 371 956 417 ee
969 347 1106 419 Octauio
1124 361 1142 414 o

91 463 164 510 cum
191 438 375 528 quindecim
403 436 591 508 cohortibus
620 436 776 528 dedieect,
801 460 916 508 omnee
944 439 985 508 ad
1013 439 1107 509 Pom·

91 531 198 618 poium
231 551 252 596 a
279 527 405 596 Libone
437 527 566 596 deducti
597 532 684 595 eunt.
729 527 827 596 Curio
858 551 898 596 ex
927 527 1041 596 Sicilia
1071 530 1107 596 in

51 637 66 680 ι
91 619 237 688 Africam
265 639 340 686 cum
371 617 514 685 exercitu
546 621 769 705 bauegreeruc
801 622 865 686 eat:
897 640 994 708 quem
1025 617 1108 686 luha

91 729 147 774 rcx
166 707 322 775 continuo
340 711 511 794 exceptum
529 729 602 774 cum
622 707 775 774 omnibue
797 707 900 795 copiie
922 707 1107 775 trucidmit

91 795 248 864 Octauiae
279 792 418 863 Salonae
450 815 639 882 oppugnare
670 799 824 882 conatur,
860 817 973 863 omnen
1004 817 1108 882 paene

91 884 202 972 copiae
252 905 312 950 uae
335 883 428 950 duxit
450 883 569 951 amicit
614 882 744 951 Oceliue
768 883 904 952 desciuit
925 906 946 951 a
967 882 1106 953 Oaceare
1125 894 1162 947 ιο
1299 881 1301 898 “

92 995 130 1040 ac
162 994 197 1040 ec
261 973 340 1039 'loni
371 972 458 1039 exuli
489 972 609 1057 innxit5
643 993 780 1058 cumque
811 972 910 1040 ambo
939 994 1108 1040 neruorum

54 1079 79 1122 ιο
92 1083 191 1129 manu
205 1059 351 1148 Capuam
365 1081 555 1149 oppugnare
569 1059 771 1148 molirentur,
788 1061 888 1130 occisi
901 1065 988 1128 eunt.
1009 1060 1109 1128 Bibu-

92 1151 143 1218 lus
162 1150 247 1238 apud
266 1148 446 1236 Corcyram
464 1150 587 1237 pudore
604 1150 722 1236 uictor,
740 1150 828 1237 quod
845 1150 1012 1218 custodiae
1030 1151 1108 1237 eine,

92 1262 189 1326 quam
207 1241 324 1327 pelago
347 1243 381 1306 et
403 1239 525 1326 oppido
547 1239 791 1325 praetendobat,
813 1240 919 1308 boetia
941 1240 1107 1326 inlueerat,

92 1328 201 1396 inedia
221 1350 292 1396 aeae
314 1327 501 1416 uigiliieque
523 1328 670 1396 confecit
705 1328 833 1414 Appiuc
851 1327 1005 1396 Claudiae
1024 1326 1106 1397 Cen·
1127 1341 1162 1390 rr

93 1419 239 1502 eoriuue,
271 1418 326 1505 qui
355 1418 447 1486 iueen
476 1417 612 1506 Pompei
642 1415 811 1488 Graeciam
842 1419 1012 1506 tuebatur,
1042 1419 1108 1486 iam

55 1525 80 1568 ιι
93 1509 251 1576 abolitam
268 1507 401 1595 Pythici
419 1507 544 1577 oraculi
566 1506 663 1575 fidem
686 1507 794 1576 uoluit
816 1509 966 1596 experiri:
989 1509 1109 1595 quippe

93 1597 135 1664 ab
158 1619 197 1664 eo
220 1597 335 1664 adacta
357 1602 449 1664 natm
472 1597 663 1664 deeoeudere
686 1598 720 1664 in
744 1619 876 1684 epccum
903 1597 1108 1684 reapondisse

92 1685 196 1753 fertur
209 1685 249 1753 de
263 1686 350 1755 bello
364 1685 558 1754 conculenti:
575 1683 685 1753 Nihil
704 1686 750 1752 ad
767 1691 805 1755 tc
823 1687 908 1774 boc,
926 1685 1109 1771 Romane,

93 1774 237 1843 bellum
257 1775 443 1862 pertinet,
461 1775 640 1844 Euboeae
659 1777 768 1844 coela
784 1777 994 1845 obtinebie.
1016 1777 1109 1844 coela

94 1869 202 1932 numm
225 1871 346 1932 uocant
367 1865 550 1932 Euboicum
572 1864 690 1932 einum.
735 1866 783 1932 ita
804 1859 933 1953 Appiae
954 1865 1109 1953 perplexa

57 1953 238 2021 ”mcertoa
261 1959 348 2022 sorte
371 1953 528 2021 discernit
821 1973 824 1981 ’

160 2041 326 2110 Admonet
351 2065 412 2109 noe
444 2043 568 2130 aliquid
599 2043 642 2109 ab
675 2043 950 2110 obtrectatoribus
983 2044 1105 2112 noetrie
1126 2055 1162 2108 12

94 2131 260 2196 consultor
286 2132 351 2198 ieta
374 2132 550 2198 consulere.
595 2135 774 2218 queruntur
796 2132 908 2217 ntique
930 2133 993 2200 fide
1016 2130 1109 2200 chri·

95 2219 275 2285 etianorum
305 2218 368 2286 ribi
398 2241 491 2288 eaora
522 2219 695 2288 interdicta
727 2219 1004 2310 caerimoniaeque
1036 2222 1110 2288 eub-

94 2306 179 2373 lataa
200 2312 235 2374 et
256 2308 298 2374 nb
321 2307 385 2375 boc
406 2309 479 2376 ideo
503 2310 653 2393 maxime,
676 2308 761 2396 quod
784 2311 867 2376 extio
885 2311 1109 2397 uaticiniieque

13 2395 298 2462 concessantibus
320 2394 460 2464 futulrae
483 2396 605 2482 clades,
631 2399 710 2483 quia
736 2397 812 2464 eniri
839 2402 1017 2485 nequeunt,
1042 2420 1109 2465 uon

53 2499 80 2542 ιι
93 2484 248 2551 nitantur.
280 2505 337 2552 cur
355 2505 434 2574 crgo
452 2486 549 2573 longe
568 2491 643 2553 ante
661 2486 834 2572 imperium
852 2484 1003 2554 coenaria
1021 2487 1105 2554 nati·
1126 2499 1162 2552 ιι

92 2571 291 2660 uitatemque
310 2572 442 2660 Christi,
460 2574 545 2640 eiout
562 2574 706 2661 ipsorum
726 2579 874 2642 auctores
893 2575 1108 2662 aduruntur,

94 2660 218 2728 abolito
246 2661 353 2730 luerat
381 2661 513 2750 Pythici
542 2663 666 2731 oraculi
696 2662 798 2731 fines?
843 2664 969 2733 abolita
998 2670 1107 2732 autem

93 2747 175 2837 ideo,
196 2751 274 2838 quia
296 2755 489 2840 contempta.
535 2774 633 2839 porro
656 2757 766 2820 numm
789 2774 889 2910 Ἕω
912 2757 1108 2842 contempta,

783 2865 804 2908 n

53 2839 157 2906 aculei
184 2839 262 2928 quia
287 2841 341 2908 nel
369 2841 453 2910 lalea
482 2841 535 2908 uel
563 2865 652 2911 uena
680 2842 733 2909 uel
761 2843 780 2910 d

94 2926 207 2996 deuter
228 2934 326 3017 poeto
346 2931 566 3017 praemonuit:

244 3067 399 3128 lnccmnlli
417 3069 523 3128 abeunt
540 3069 693 3143 wdemqne
711 3071 796 3129 odera
813 3069 948 3143 Sibyllae.

92 3189 139 3258 ut
160 3214 202 3259 ne
225 3193 310 3262 forte
333 3197 428 3281 parui
449 3197 484 3264 id
507 3197 659 3284 pendant,
682 3199 769 3285 quod
791 3204 981 3288 contemptu
1003 3199 1164 3268 eboli-14

94 3282 164 3346 tum
191 3285 289 3368 atquo
316 3285 520 3370 antiquatum
546 3287 623 3372 fuit,
648 3287 712 3356 boo
739 3292 790 3355 eet
816 3291 875 3356 aut
900 3310 1021 3356 numen
1049 3293 1108 3358 aut

54 3379 82 3422 ⁸⁵
95 3367 218 3466 eedem:
244 3367 364 3453 Apollo
386 3372 443 3439 ille
464 3372 604 3460 Pythiae
626 3380 710 3462 eret,
736 3397 832 3463 quem
855 3378 967 3446 lerunt
987 3399 1107 3466 magno

94 3451 151 3517 rlln
173 3451 325 3538 Pythone
347 3462 496 3543 torpente
519 3461 707 3549 interfecto,
733 3465 835 3530 totiue
861 3465 1107 3534 uaticinationie

827 2841 882 2910 ia?
918 2843 1004 2911 unde
1034 2865 1109 2931 prn-

783 2936 789 2950 ἱ
