2806 3788
344 79 540 135 snvnnsvu
557 79 723 134 esosuos
740 79 782 134 ιιι
803 83 844 135 ιι.
865 83 907 134 re.
1089 75 1132 144 83
1274 47 1277 78 ³
1299 49 1303 58 '

119 224 321 292 transcendit
351 225 384 290 et
415 222 602 310 quingentis
634 221 749 288 madiis
777 221 838 289 sub
865 243 931 288 nna
958 221 1009 288 die
1036 243 1133 288 cursu

119 312 331 394 transmissis,
353 310 492 376 Tarsum
509 309 611 394 uenit,
633 309 745 395 ibique
762 331 836 375 cum
854 308 975 376 sudans
993 308 1030 374 in
1048 306 1132 394 cyd-

120 422 197 468 num
220 396 454 485 praefrigidum
481 417 611 464 amnem
638 396 870 482 descendisset,
892 395 1037 484 obriguit
1058 415 1133 463 con·

119 492 289 573 tractuque
310 505 486 553 neruorum
508 485 675 570 proximus
698 484 796 552 morti
816 483 888 551 fuit
923 485 1050 551 interea
1067 481 1170 550 Das

93 577 188 643 erius
216 597 290 642 cum
313 588 378 642 ccc
405 573 537 676 milibus
564 572 711 658 peditum
734 575 767 639 et
790 588 811 638 c
833 572 965 676 milibus
988 572 1134 675 equitum

120 659 467 816 zelemi
497 658 1135 832 deltlllttlllltlffilb

120 835 269 924 quamuis
289 835 356 902 iam
378 833 504 920 pridem
526 850 574 902 ne
597 833 730 900 milibus
752 833 897 901 hostium
920 832 1032 900 eadem
1054 853 1133 917 pau·

120 926 219 994 citato
248 923 409 1012 superatis
438 944 507 992 non
536 922 642 990 solum
670 944 738 990 non
765 922 880 990 timere
906 941 1050 1012 pugnam
1078 920 1134 988 sed

81 1032 107 1076 ιο
120 1016 219 1083 etiam
247 1014 416 1082 uictoriam
447 1033 576 1102 sperare
598 1012 773 1080 didicisset
818 1013 929 1101 itaque
952 1033 1024 1079 cnm
1047 1011 1170 1079 intrat

120 1105 241 1172 iactum
268 1104 326 1170 teli
351 1108 486 1190 utemue
512 1103 716 1170 constitisset
742 1101 900 1169 exercitus
929 1105 963 1168 et
988 1101 1134 1168 intentos

121 1193 162 1258 ad
190 1191 320 1277 siguum
345 1191 425 1256 belli
448 1191 587 1276 populos
610 1190 825 1256 discurrentes
848 1189 1010 1275 principes
1032 1189 1133 1255 uariis

121 1278 341 1345 incitamentis
382 1282 547 1362 acuerent,
587 1277 774 1364 ingentibus
816 1277 978 1362 utrimque
1015 1275 1134 1344 animis

120 1388 232 1454 pugna
258 1366 485 1435 committitur:
512 1367 548 1433 in
573 1388 639 1452 qua
661 1365 757 1434 ambo
781 1386 874 1454 reges
897 1369 931 1432 et
955 1364 1171 1432 Alexanders
1307 1454 1309 1461 Α
1379 1391 1380 1398 “

81 1471 108 1514 1³
121 1461 155 1523 et
182 1453 300 1522 Darius
327 1455 555 1540 uulnerantur,
583 1476 620 1521 ac
647 1459 716 1521 tam
743 1453 798 1520 diu
825 1457 988 1522 certamen
1017 1475 1136 1539 anceps

32 1569 55 1611 a
68 1557 109 1602 1⁸0
121 1544 196 1627 fuit,
224 1543 330 1630 quoad
356 1543 485 1646 fugeret
506 1541 639 1628 Darius3
672 1541 788 1610 exinde
817 1542 930 1610 caedes
953 1539 1136 1609 Perlsarurn

121 1636 234 1700 secuta
255 1636 314 1700 est
357 1631 404 1699 ibr
428 1635 499 1699 tum
521 1630 667 1719 peditum
688 1649 788 1698 nxxx
811 1630 918 1718 milia,
940 1631 1087 1719 equitum
1109 1641 1170 1699 xa

120 1721 212 1789 milia
237 1742 345 1805 caesa,
372 1726 469 1808 capta
495 1727 605 1788 auum
627 1737 675 1789 ιιι
703 1721 796 1788 milia
823 1719 921 1788 tuere.
965 1742 1005 1788 ex
1028 1719 1135 1789 Mace·

121 1810 260 1879 donibus
291 1831 369 1878 nero
397 1811 538 1878 occidam
565 1809 690 1899 pedites
718 1827 827 1898 cxxx,
855 1810 981 1896 equites
1003 1827 1056 1879 cn.
1100 1811 1136 1878 in

80 1899 237 1968 ”castris
255 1897 427 1966 Persarum
450 1900 588 1966 multum
611 1901 683 1966 auri
705 1904 949 1985 ceterarumque
970 1921 1069 1986 opum
1087 1921 1136 1967 re·

121 1992 259 2073 pertum.
303 1987 390 2053 inter
415 1987 563 2072 captiuos
592 1992 773 2054 castrorum
796 1990 901 2053 mater
924 1991 958 2053 et
978 2008 1062 2053 uxor
1083 2009 1135 2054 ea·

121 2072 258 2158 demque
295 2093 389 2139 soror
423 2078 457 2140 et
491 2073 579 2140 filiae
615 2072 698 2140 duae
730 2072 823 2140 Darii
854 2073 957 2158 luere3
998 2095 1135 2161 quarum
1154 2085 1190 2140 ιο

121 2160 374 2246 redemptionem
388 2159 508 2227 Darius
531 2181 605 2228 cum
627 2161 725 2228 etiam
751 2160 864 2228 oblata
886 2161 979 2248 regni
1002 2161 1136 2229 dimidia

122 2253 214 2335 parte
236 2270 302 2316 non
325 2247 570 2334 inpetrauisset,
597 2249 695 2316 tertio
719 2251 843 2317 cunctis
865 2248 1039 2318 Persarum
1061 2249 1137 2318 uiri·

84 2337 185 2404 ebus
209 2337 433 2423 sociorumque
455 2337 583 2405 auxiliis
607 2339 796 2422 contractis,
820 2336 942 2405 bellum
964 2338 1136 2408 manusc

122 2423 178 2492 sed
205 2423 282 2492 dum
309 2424 390 2491 haec
416 2424 536 2493 Darius
564 2425 649 2513 agit,
674 2424 860 2494 Alexander
886 2425 1135 2496 Parmenionem
1153 2439 1189 2493 ts

122 2511 164 2577 ad
192 2511 409 2580 inuadendum
436 2512 599 2580 Persicam
627 2513 766 2581 classem
793 2536 867 2581 cum
894 2515 996 2599 copiis
1023 2515 1136 2601 mittit,

121 2598 192 2683 ipse
213 2599 249 2664 in
271 2597 400 2685 Syriam
423 2599 648 2687 proficiscitur,
670 2599 715 2666 ibi
734 2621 773 2667 ex
790 2599 904 2668 multis
922 2601 985 2668 sibi
1003 2603 1134 2689 regibus

122 2707 195 2753 enm
217 2685 329 2753 infulis
351 2687 438 2755 ultro
461 2687 704 2756 occurrentibus
723 2689 804 2755 alios
822 2688 945 2775 allegit,
967 2689 1049 2756 alios
1067 2711 1134 2758 mu·

82 2772 219 2859 sstauit,
249 2774 331 2842 alios
354 2775 509 2862 perdidit,
535 2773 564 2842 Τ
588 2797 660 2844 rum
684 2776 795 2844 urbem
819 2777 1080 2863 antiquissimam
1102 2783 1136 2847 et

115 2860 393 2953 florentissimam,
413 2863 534 2932 fiducia
580 2863 870 2951 arthaginiensium
894 2865 1019 2934 sibico
1064 2870 1134 2935 ato·
1161 2932 1165 2940 .

122 2971 193 3017 rum
221 2949 449 3040 obsistentem,
481 2952 645 3040 oppressit
672 2958 718 3020 ac
731 2953 826 3039 cepit
872 2952 957 3022 enim
984 2951 1022 3024 ci
1036 2955 1133 3023 iciam
1153 2969 1188 3022 ts

122 3035 273 3106 Rhodum
305 3044 403 3128 atque
431 3042 621 3133 Aegyptum
652 3041 811 3128 pertinaci
841 3041 951 3111 lurore
976 3044 1134 3130 per-uadit

122 3126 197 3195 inde
219 3127 261 3193 ad
283 3128 440 3215 templum
453 3128 543 3198 louis
557 3129 753 3198 Hammonis
770 3131 889 3220 pergit,
910 3132 1133 3202 nt·mendacio

34 3241 60 3282 s·
71 3232 111 3276 ru
123 3216 165 3282 ad
190 3215 324 3302 ¹tempus
342 3219 512 3304 conposito
531 3218 746 3307 ignominiam
765 3220 827 3288 sibi
845 3219 948 3307 patris
967 3221 1082 3290 incerti
1101 3225 1135 3290 et

81 3321 107 3364 ss
122 3303 290 3373 infamiam
316 3306 482 3374 adulteras
505 3309 621 3377 matris
643 3308 798 3377 aboleret
842 3330 920 3376 nam
943 3310 1132 3378 arcessitum
1152 3323 1187 3377 ss

121 3393 163 3462 ad
190 3415 225 3462 se
252 3393 321 3462 lani
342 3395 446 3495 ipsius
469 3397 650 3466 antistitem
673 3419 713 3465 ex
736 3397 864 3466 occulto
886 3399 1028 3485 monuit,
1054 3399 1133 3488 quid

329 3499 332 3506 .
934 3505 972 3562 ⁶·
