2806 3788
345 151 541 204 annusve
559 150 724 205 eaoauos
742 151 783 204 ιιι
804 153 917 206 ss-ss.
1094 145 1139 214 εὖ

124 302 201 363 tens
222 295 314 364 milia
336 293 510 383 profligata
530 295 729 362 referuntur:
751 315 947 449 quamquam
966 297 1059 360 extra
1076 293 1172 362 base

125 385 231 454 clades
253 405 313 474 per
334 383 465 453 eosdem
487 388 554 452 tres
578 404 682 451 annos
705 388 740 450 et
784 383 851 451 aiae
870 383 1021 451 deitates
1038 383 1137 471 pluri·

124 496 196 580 mae
223 475 493 580 opprcsseesint·
518 477 552 542 et
573 471 667 560 Syria
688 477 761 578 tota
783 476 926 555 uuteta,
953 471 1061 560 Tyrus
1083 494 1137 541 ex-

99 561 1138 738 .ittet?abtttzlttttll‘teltttt?

125 739 314 808 tremefacta
350 739 542 808 successerit
576 740 798 826 plurimaeque
830 740 996 807 subiectae
1028 736 1137 806 Tauro

125 829 311 918 prouinciae
343 832 440 916 atque
466 829 539 916 ipse
564 849 659 896 mons
688 825 814 895 Taurus
842 827 1139 897 lineamentum

125 919 237 1004 iugum
260 916 403 984 domitus
425 920 460 983 et
481 917 587 984 uictus
610 918 779 1002 acceperit

191 1005 238 1071 llt
260 1026 301 1071 ne
324 1005 408 1071 forte
430 1009 509 1071 tunc
530 1005 702 1092 qnisquam
726 1005 878 1089 opinetur
898 1002 950 1070 uel
973 1001 1139 1070 Orientem
1155 1009 1194 1070 1⁸

85 1107 112 1154 ss
126 1093 232 1159 solum
245 1091 423 1160 Alexandri
445 1092 570 1159 uiribus
594 1093 764 1160 subactum
781 1092 835 1158 uel
848 1090 979 1159 ltaliam
997 1095 1140 1158 tantim-

38 1209 61 1251 s
74 1197 113 1240 ιιι
126 1182 224 1248 modo
253 1179 403 1249 Romana
437 1178 668 1268 inquietudine
700 1181 889 1269 fatigatam:
925 1184 1005 1248 lunc
1039 1179 1140 1248 etiam

126 1268 414 1422 ffum‘ihiiffii
425 1269 660 1356 Spartanorum
679 1270 767 1422 rezgis
784 1269 818 1336 in
837 1267 981 1355 Graecia,
999 1269 1140 1336 Alexan·

206 1378 243 1423 rs
279 1379 295 1422 s
727 1377 746 1422 o

126 1377 277 1529 Scytbiai3¹
294 1443 477 1530 gerebatur.
526 1465 664 1530 qnorum
694 1443 834 1530 Hegidis
865 1442 1177 1510 Lacedaemoniun

85 1548 113 1591 ιι
127 1533 268 1598 excitata
298 1533 332 1597 et
361 1530 541 1598 rebellante
571 1553 681 1599 aecum
712 1531 867 1599 uniuersa
898 1530 1036 1598 Graecia
1066 1551 1141 1598 curn

124 1618 293 1706 Antipatri
322 1619 512 1689 fortissimis
539 1620 642 1707 copiis
670 1642 864 1710 congressae
891 1620 976 1688 inter
1003 1641 1140 1709 magnas

125 1713 336 1795 utrorumque
359 1715 486 1798 strages
508 1715 543 1777 et
564 1710 636 1796 ipse
659 1709 840 1796 procubuit
879 1709 1062 1777 Alexander
1083 1724 1176 1777 aua

123 1799 191 1864 tom
214 1799 248 1865 in
267 1796 365 1867 ltalia
388 1799 556 1867 adfectans
578 1799 755 1868 occidentis
777 1799 949 1887 imperium
972 1798 1140 1868 aemulans

125 1886 348 1954 Alexandrum
369 1887 405 1956 M
469 1911 539 1970 um,
565 1894 642 1975 poet
663 1910 838 1957 numerosa
860 1894 894 1956 et
915 1889 1030 1976 grauia
1052 1889 1141 1957 bella

352 1357 415 1442 pin
448 1359 483 1422 in
511 1355 669 1442 Lucania,
748 1357 894 1442 pyrionia
921 1355 1078 1441 praelecti
1105 1357 1141 1422 in

84 1975 245 2042 esibilem
267 1981 404 2062 gestae
451 1977 561 2043 ruttiis
578 1976 781 2064 Lucaniaque
805 1982 976 2063 superatus
999 1981 1050 2044 est
1068 1999 1139 2045 cor·
1230 2007 1232 2010 ·
1314 2007 1318 2016 ·

124 2085 249 2150 pesque
274 2064 407 2132 eiusad
431 2065 629 2154 sepulturam
653 2065 828 2134 uenditum.
873 2064 1038 2152 Zopyrion
1061 2080 1176 2136 uerot

147 2153 306 2223 raeiectus
342 2153 438 2223 Ponti
478 2155 621 2225 adunato
656 2155 795 2244 triginta
834 2155 961 2224 milium
997 2156 1141 2225 exercitu
1273 2163 1280 2180 '

167 2243 257 2329 ytbis
284 2243 407 2313 bellum
434 2244 553 2312 inferre
581 2268 679 2314 ansne
702 2251 736 2312 et
757 2267 860 2333 usque
883 2246 925 2313 ad
946 2246 1139 2315 internecio-

125 2351 200 2398 nem
228 2352 341 2399 cassus
368 2332 513 2399 funditus
540 2353 614 2400 cnm
640 2333 792 2401 omnibus
820 2335 922 2421 copiis
949 2335 1018 2402 suis
1044 2335 1139 2402 sbra-

85 2433 112 2478 ee
125 2440 180 2484 aas
203 2424 262 2487 est

192 2505 297 2594 Igitur
317 2507 502 2575 Alexander
522 2505 674 2596 Magnus·
686 2515 763 2595 post
780 2508 873 2576 Darii
895 2514 1034 2578 mortem
1051 2509 1137 2598 Hyr·
1154 2527 1175 2578 ι

125 2615 224 2661 canos
246 2599 280 2662 et
296 2591 432 2662 Mandoe
456 2597 599 2684 subegit:
622 2596 678 2663 abi
699 2597 798 2665 ctiam
815 2597 910 2665 illum
928 2597 1033 2666 adhuc
1049 2599 1138 2668 bello

12 2695 13 2746 3
125 2682 285 2749 intentum
307 2682 469 2752 Halestris
492 2685 562 2751 siue
583 2681 765 2768 Minothca‚
787 2686 892 2752 excita
914 2685 1137 2773 suscipiendae

12 2765 14 2804 ⁷
125 2769 167 2836 ab
195 2790 233 2837 eo
256 2769 379 2837 subolis
401 2773 509 2858 gretie
531 2794 604 2839 oum
627 2773 780 2840 trecentis
802 2773 995 2840 mulieribus
1018 2794 1138 2860 procax

13 2905 14 2908 ,
85 2856 271 2926 »Amazon
297 2858 432 2928 inuenit
478 2865 555 3016 ἰοιι
581 2860 662 2928 baec
689 2861 884 2929 Parthorum
911 2883 955 2948 pu
1001 2883 1054 2929 am
1081 2861 1174 2931 adt

12 2951 14 3028 ζ
126 2966 265 3032 gressus,
283 2969 365 3034 quos
384 2948 477 3018 diuo
502 2950 643 3017 nitentes
660 2949 782 3017 deleuit
799 2971 931 3037 propem
976 2973 1032 3017 um
1045 2955 1137 3020 ante·

124 3055 222 3120 quam
253 3036 346 3122 uicit,
381 3037 456 3105 inde
482 3036 634 3126 Drangae
661 3038 842 3127 Euergetas
869 3037 1018 3107 Perimes
1039 3037 1173 3108 Para-'t

12 3131 111 3212 {alet
146 3143 278 3191 smenos
305 3122 476 3212 Adlaspios
505 3131 692 3214 ceterosque
720 3127 859 3212 populos
885 3128 940 3214 qui
968 3127 1004 3193 in
1028 3127 1136 3196 radios

12 3221 15 3278 ἴ
170 3211 259 3280 nessi
277 3213 490 3283 morabantur
507 3215 646 3304 subegit,
663 3215 743 3284 urbe
761 3215 808 3283 ibi
821 3215 1021 3285 Alexandria
1038 3237 1137 3306 super

12 3301 17 3360 ἑ
84 3317 110 3363 ιι
124 3321 252 3376 emnem
283 3300 420 3371 Tanaim
452 3305 638 3372 constituta
684 3304 741 3372 sed
771 3327 831 3372 neo
862 3306 970 3374 minor
1001 3306 1071 3374 eins
1098 3305 1171 3376 ins

12 3390 16 3480 ξ
122 3409 198 3458 suos
225 3390 399 3459 crudelitas
426 3414 524 3478 quam
553 3393 589 3460 in
616 3393 744 3463 bostem
771 3393 879 3462 rabies
902 3394 973 3464 init
1017 3393 1136 3464 docent

12 3505 14 3586 ᾗ
122 3475 184 3546 boc
207 3477 368 3566 Amyntas
391 3481 604 3552 consobrinus
626 3483 767 3572 ocdsus,
792 3503 933 3553 nouerca
954 3483 1137 3574 {remaque

12 3603 35 3749 l
