2714 3788
293 83 491 138 sovnuevu
507 83 673 138 rsosros
690 85 744 140 vu
761 87 804 142 ss
823 88 867 142 sa.
1024 82 1090 152 273

76 227 257 296 enaritate
279 227 356 297 fidei
379 225 559 296 catholicae
583 225 731 314 deuiam,
754 229 919 298 exitiabile
941 230 1089 318 plurimis

75 317 197 406 dogma
222 315 402 386 eonstitnit
446 317 502 406 qni
530 317 629 385 simul
651 321 689 386 ut
710 318 851 407 primum
875 319 1090 388 Alexandriae
1108 333 1146 388 u

76 407 130 474 uel
153 411 252 476 notus
274 407 327 475 uel
349 411 485 474 notatus
504 406 589 474 inter
613 407 766 476 oonlusos
789 409 890 496 uulgo
913 413 1090 477 muoso

75 497 351 584 insectatoresque
368 495 475 564 butus
491 500 551 582 est,
569 495 611 564 ab
630 496 825 584 Alexandro,
848 498 992 566 eiusdem
1009 502 1089 567 tuno

48 584 167 654 ⁸urbis
189 585 351 674 episeopo,
371 585 488 674 pulsus
510 585 646 654 ecelesia
667 591 726 655 est·
771 608 909 677 eumque
931 587 1089 670 homines,
1107 604 1145 658 re

76 696 158 764 quos
182 675 218 743 in
241 696 383 743 errorem
406 675 586 762 seduxerat,
609 677 709 744 etium
733 677 768 744 in
790 676 982 745 seditionem
1006 677 1090 746 exei-

75 768 176 852 turet,
203 763 290 853 apud
312 763 469 832 Nicaeam
492 764 604 832 urbem
626 763 802 854 Bithyniae
825 770 1005 835 eonueutns
1027 771 1090 834 tre-

76 858 245 923 centorum
273 853 384 922 eleoem
408 859 443 922 et
465 857 539 922 ooto
563 854 788 944 episeoporunr
811 854 919 924 faetus
941 861 1004 942 est,
1031 877 1090 944 per

76 965 158 1030 quos
176 942 350 1011 Arrianum
370 942 490 1030 dogma
513 942 677 1012 exitiabile
699 950 733 1012 et
754 944 907 1012 miserum
930 967 1002 1014 erse
1024 945 1089 1013 eui·

36 1045 63 1088 ιο
77 1032 264 1100 deotissime
286 1031 532 1119 deprehensum,
555 1032 663 1118 polam
686 1033 851 1119 proditum
875 1055 913 1102 ae
936 1035 1089 1120 reprobu-

76 1125 147 1186 tum
174 1124 234 1188 est
280 1120 336 1187 aad
365 1119 452 1187 inter
471 1119 554 1188 haee
575 1119 680 1187 latent
702 1143 829 1206 eausae,
851 1142 908 1188 our
930 1121 1089 1188 uindicem
1106 1129 1145 1182 as

76 1207 222 1296 gladium
245 1213 278 1274 et
301 1208 498 1276 destinatum
519 1209 553 1275 in
570 1208 690 1295 impios
708 1209 911 1294 punitionem
929 1207 1089 1277 Constan-

75 1298 164 1365 tinus
187 1297 365 1384 imperator
387 1297 485 1365 etism
509 1297 543 1364 in
565 1297 715 1385 proprios
738 1299 807 1385 egit
829 1299 973 1366 effeetus
1013 1320 1090 1365 nam

76 1380 228 1473 Crispum
252 1384 356 1452 lilium
380 1407 475 1452 suum
493 1389 527 1452 et
545 1383 704 1452 Licinium
727 1387 849 1453 sororis
870 1386 973 1452 tilium
992 1386 1089 1453 inter·

23 1484 63 1530 ue
75 1469 163 1538 feeit
195 1477 365 1559 praeterea
381 1473 503 1540 multas
519 1470 640 1558 lgentes
654 1472 791 1540 diuersis
805 1473 937 1558 proeliis
951 1473 1089 1560 subegit

35 1574 62 1616 ι·
75 1561 188 1626 urbem
211 1559 353 1627 nominis
375 1559 426 1627 sui
445 1559 667 1627 Romanorum
689 1579 804 1647 regum
822 1561 875 1627 uel
892 1559 1017 1646 primus
1036 1560 1089 1626 uel
1106 1567 1145 1620 Ν

75 1647 165 1715 solus
197 1647 349 1715 instituit
395 1668 479 1733 quae
510 1647 583 1714 sola
614 1667 728 1733 expers
759 1646 922 1715 idolorum
953 1647 995 1713 ad
1026 1647 1090 1714 boo

74 1735 268 1804 breuissime
295 1740 442 1822 tempere
470 1735 601 1802 eondita
627 1757 648 1802 a
675 1733 864 1804 Christiano
892 1735 1089 1821 imperatore

74 1830 230 1910 proueota
253 1829 317 1908 est,
338 1829 377 1890 nt
397 1823 470 1891 sola
491 1824 625 1928 honae,
646 1825 699 1890 tot
720 1822 860 1927 saeculis
884 1823 1089 1928 miseriisque

73 2089 180 2157 uioem
206 2088 319 2157 uertit:
347 2088 453 2157 edioto
481 2087 640 2176 siquidem
663 2087 781 2156 statuit
803 2087 886 2156 eitra
908 2088 1010 2156 ullam
1032 2087 1089 2156 ho·

73 2177 200 2247 minum
218 2177 347 2246 eaedem
366 2199 568 2268 paganorum
586 2177 710 2266 templa
728 2177 843 2246 clauis
876 2199 951 2245 mox
966 2176 1089 2246 Gotho·
1106 2185 1143 2240 υ

73 2288 147 2334 rum
174 2266 370 2335 fortissimas
397 2273 432 2335 et
457 2266 698 2355 copiosissimas
725 2271 840 2356 gentes
863 2267 991 2354 inipso
1014 2266 1088 2333 bar·

33 2370 61 2415 ὅ
73 2355 177 2424 barioi
190 2355 252 2424 soli
266 2355 349 2443 sinu,
367 2356 432 2424 hoo
445 2361 497 2424 est
510 2356 543 2423 in
557 2354 780 2424 Sumatarum
799 2356 942 2444 regione,
960 2355 1088 2424 deleuit

21 2460 60 2504 ur
75 2441 286 2514 Galoeoerum
318 2445 480 2533 quendam
519 2443 560 2512 lin
592 2443 701 2534 Cypro
737 2445 957 2532 adspirantem
992 2444 1088 2513 nouis
1106 2453 1143 2505 ⁸⁰

73 2534 170 2602 rebus
200 2535 371 2621 opprersit
415 2533 652 2602 tricennalibus
681 2535 750 2602 suis
779 2532 982 2601 Delmatium
1011 2530 1088 2600 an-

73 2645 179 2692 sarem
207 2625 296 2714 legit
340 2645 415 2692 oum
437 2623 621 2691 nobellum
644 2623 680 2691 in
701 2621 819 2691 Persas
842 2621 1025 2709 moliretur,
1052 2622 1088 2689 in
1105 2630 1142 2683 rr
1191 2689 1195 2698 ,

73 2713 153 2780 uilla
170 2713 301 2800 publiea
318 2713 411 2781 iuxta
460 2711 661 2797 ioomedism,
684 2711 878 2800 dispositam
901 2711 983 2779 bene
1005 2733 1087 2778 rem·

32 2817 60 2861 ⁸⁰
72 2801 237 2890 publicam
259 2802 337 2870 filiis
359 2801 504 2888 tradens,
527 2801 612 2868 diem
635 2801 728 2869 obiit

140 2892 238 2961 Anno
266 2893 309 2960 ab
336 2891 416 2960 urbe
442 2889 576 2960 eondita
601 2907 702 2960 uon
725 2887 939 2959 Constantius
966 2889 1083 2958 trieen·
1099 2889 1141 2952 ἢ
1168 2875 1171 2881 ’

72 2977 670 3158 :fflutsslltsstlullsstl
682 2978 1087 3174 iffoffi‘eilll

73 3157 138 3227 init
159 3159 245 3226 inter
263 3179 465 3227 soooessores
485 3155 694 3226 Constantini
711 3161 746 3226 et
762 3157 948 3226 Dalmatius
966 3153 1088 3225 Oueem

33 3263 62 3306 κ
75 3247 186 3316 frutris
209 3247 310 3334 filius,
338 3248 394 3316 rod
416 3248 571 3317 oontinno
599 3246 735 3317 militari
762 3246 905 3316 faotione
932 3243 1086 3333 deeeptus

74 3337 134 3402 est
179 3336 306 3402 interea
332 3335 476 3424 maligna
502 3358 631 3442 semper
658 3335 815 3404 aduersus
841 3335 946 3404 Deum
974 3345 1122 3403 uerumr

74 3419 195 3490 diaboli
213 3421 395 3508 insectatio,
413 3446 497 3510 quse
515 3425 556 3492 ab
575 3423 672 3493 mitio
689 3425 801 3492 mundi
820 3445 922 3513 nsque
941 3423 982 3493 uel
1000 3445 1087 3494 nune

125 3529 230 3574 orsam
242 3541 284 3575 n.
297 3532 496 3579 munuera.
893 3531 927 3585 10
