2724 3808
354 83 550 138 ADVERSVM
566 79 732 137 PAGANOS
751 83 765 136 1
783 87 825 138 20.
844 85 889 138 21.
1083 81 1127 150 33

80 299 82 303 ,
116 247 243 382 queque
263 225 484 380 deteisteplhnm
499 226 679 380 cethsaim
696 229 831 381 prpipter
848 230 972 293 metum
985 227 1127 332 ,periculi

58 425 104 468 ,ιι
116 323 515 488 iiiiiirhieirrhr’coniiiiih
536 327 700 470 Ριίἓίιέιοο
708 336 832 470 ruricii⁸
844 337 982 470 xciiii
983 322 1096 471 130?
1092 338 1127 471 iii

115 497 277 562 certamen
299 495 412 576 ruunt;
435 495 529 558 tenta
551 495 661 558 autem
682 491 717 558 ui
735 493 917 558 animorum
937 513 1127 560 concursum

89 587 175 666 sest,
197 584 234 646 ut
254 600 328 646 raro
351 600 506 665 umquam
529 579 693 646 cruentius
716 579 877 666 proelium
895 581 1063 667 exarserit3
1086 580 1127 648 sd

114 674 314 756 postremum
332 673 443 734 temen
462 666 943 735 uictoriahacedeemcniorum
961 669 1034 738 fuit
1062 675 1162 736 ter-s
1289 688 1294 697 ·

115 759 163 826 tio
185 755 339 824 Messenii
360 777 551 842 repareuere
573 759 747 824 certamen.
784 777 843 822 nee
864 755 1127 826 Lacedaemoniis

115 869 215 914 mora
255 844 377 912 multas
400 845 436 912 in
459 844 615 912 auxilium
639 844 749 930 copias
772 845 934 931 utrimque
957 845 1128 914 duxerunt

114 935 332 1003 Athenienses
359 955 437 1002 uero
460 933 733 1001 Lacedaemonios
760 933 838 1000 alibi
865 933 1009 1004 intentos
1036 957 1056 1002 s
1081 933 1128 1001 di·

78 1045 103 1087 ιο
116 1046 210 1093 uerso
229 1023 364 1109 adgredi
381 1028 508 1111 pmsnt
535 1045 594 1090 neo
607 1021 853 1090 Lacedaemonii
867 1023 1034 1110 quieuere:
1051 1045 1129 1090 nam
1148 1033 1183 1086 ιο

117 1114 180 1199 ipsi
207 1114 242 1181 in
264 1110 445 1180 Messenios
468 1112 618 1198 occupati
640 1111 904 1198 Peloponnenses
927 1112 1130 1197 inmiserunt,

117 1203 174 1288 qui
182 1201 399 1269 Athenienses
413 1201 540 1287 proelio
553 1200 747 1286 exciperent
781 1200 998 1269 Athenienses
1012 1205 1130 1286 autem,

118 1291 220 1358 missa
241 1291 276 1357 in
298 1289 487 1376 Aegyptum
511 1311 615 1374 parus
638 1289 740 1356 classe
762 1289 891 1374 inpares
914 1290 1050 1374 uiribus,
1072 1311 1130 1358 nu·

116 1380 183 1446 nali
205 1399 381 1467 conpressu
403 1379 498 1446 facile
515 1378 697 1446 uincuntur.
733 1376 849 1444 dehine
866 1382 998 1465 recepta
1015 1378 1130 1463 classe,

79 1485 105 1528 ιι
118 1469 206 1536 sueti
229 1469 329 1536 etiam
351 1468 493 1535 militum
516 1467 646 1551 robore,
670 1465 811 1535 meteres
833 1467 867 1534 in
890 1467 1049 1554 proelium
1071 1489 1130 1535 uo·

116 1563 201 1624 cant
237 1556 483 1624 Lacedaemonii
501 1577 628 1643 quoque
646 1554 776 1623 omissis
789 1554 960 1623 Messeniis
979 1557 1014 1623 in
1027 1555 1128 1623 Athe
1149 1567 1181 1618 ιι

116 1647 245 1713 nienses
268 1668 359 1712 arma
377 1649 580 1714 conuertunt
612 1644 668 1711 diu
685 1645 796 1712 uariae
814 1647 848 1710 et
865 1665 982 1732 graues
1000 1665 1130 1732 pugnae

116 1738 150 1800 et
186 1757 305 1820 anceps
340 1734 496 1801 uictoriae
529 1737 636 1800 status
669 1753 707 1800 so
738 1735 939 1819 postremum
969 1733 1130 1820 pendente

117 1827 237 1890 euentu
263 1823 427 1909 utrimque
455 1823 633 1890 discessum
655 1825 714 1889 est
755 1821 923 1889 suendum
944 1826 1056 1889 tanuen
1079 1825 1130 1888 est
1150 1832 1183 1883 ιι

77 1912 266 1995 umaxime,
288 1911 394 1998 ipsum
417 1931 488 1978 esse
507 1907 659 1995 Spartam
682 1931 780 1996 quam
802 1915 836 1976 et
853 1909 1131 1978 Lacedaemonem

116 1999 299 2084 ciuitatem,
327 2003 426 2085 atque
453 1998 528 2065 inde
551 1996 826 2065 Lacedaemonios
850 1996 1030 2083 Spartanos
1057 1997 1131 2066 dici.

117 2087 219 2175 igitur
255 2085 329 2153 inde
364 2087 508 2154 reuoosti
544 2085 789 2153 Laeedmmonii
822 2085 864 2152 ad
895 2084 1131 2153 Messeniorum
1151 2097 1184 2148 ιι

118 2175 249 2262 bellum,
272 2197 313 2242 ne
336 2173 477 2241 medium
500 2179 631 2261 tempus
650 2173 793 2241 otiosum
811 2173 1067 2242 Atheniensibus
1084 2195 1132 2242 re·

117 2264 311 2352 linquerent,
333 2285 406 2330 cnm
429 2263 596 2330 Thebanis
618 2261 838 2350 paciscuntur,
860 2268 898 2330 ut
920 2261 1132 2332 Boeotiorum

80 2353 291 2442 ”imperium
314 2353 360 2420 eis
383 2352 601 2436 restituerent,
624 2351 709 2439 quod
732 2352 936 2440 temporibus
958 2351 1036 2420 belli
1056 2351 1133 2420 Per·

119 2442 176 2509 sici
200 2443 386 2526 amiserant,
412 2442 440 2509 si
464 2441 517 2508 illi
539 2440 789 2508 Atheniensium
811 2440 900 2508 bella
922 2441 1133 2529 susciperent.

118 2535 230 2598 tantus
252 2531 344 2598 furor
361 2528 595 2618 Spartanorum
618 2532 697 2616 erat,
719 2533 757 2595 ut
779 2529 904 2597 duobus
922 2529 1018 2597 hellis
1037 2529 1131 2616 inpli·
1151 2540 1186 2592 u

119 2618 175 2686 citi
194 2621 357 2704 suscipere
375 2619 509 2686 tertium
527 2639 594 2685 non
612 2621 810 2704 recusarent,
830 2617 1007 2686 dummodo
1026 2617 1133 2686 inimi-

119 2707 165 2774 cis
187 2709 256 2775 suis
279 2707 392 2774 hostes
414 2707 631 2794 adquirerent
671 2705 890 2774 Athenienses
912 2710 1007 2774 muta
1029 2705 1132 2775 bello·
1151 2716 1186 2768 ιι

56 2811 106 2852 ..a
120 2816 191 2861 rurn
218 2798 412 2881 tempestate
436 2791 585 2880 ¹permoti
607 2793 671 2861 duo
693 2793 791 2861 duces
814 2793 965 2881 deligunt
985 2792 1134 2861 Periclen

80 2898 105 2940 ιι
119 2886 282 2968 spectatae
306 2881 438 2950 uirtutis
460 2881 568 2950 uirum
591 2885 626 2948 et
647 2878 830 2968 Sophoclea
852 2881 1046 2950 scribtorem
1067 2886 1134 2948 tra·

120 2970 321 3057 goediarum:
350 2970 406 3058 qui
433 2969 540 3037 diuiso
567 2969 710 3038 exercitu
739 2972 773 3036 et
794 2966 1029 3054 Spartanorum
1051 2969 1133 3036 tinea

119 3058 187 3126 late
208 3057 358 3146 populati
381 3063 459 3126 sunt
481 3062 515 3125 et
532 3057 656 3125 multas
669 3057 768 3125 Asiae
787 3057 938 3126 ciuitates
950 3057 1133 3126 Athenien·

120 3147 203 3214 sium
224 3148 362 3235 imerio
386 3146 586 3217 adiecerunt¹
615 3145 693 3215 hine
713 3167 812 3234 porro
834 3167 1020 3234 perennes
1042 3145 1134 3234 quin·
1152 3155 1188 3210 ro

81 3253 108 3296 ιι
120 3236 278 3327 quaginta
296 3236 420 3306 incerte
437 3235 832 3344 semperuictoriaterre
847 3235 994 3342 merique
1007 3255 1135 3326 pugna·

119 3331 190 3502 {¹3¹
179 3333 301 3505 &gs-tta,
307 3327 421 3486 elangui.
430 3323 616 3506 85:321,
616 3323 809 3484 Γοιοιὶποὲιιὲιιιιιὰ
809 3331 993 3483 ernmmntns
1016 3329 1050 3394 st
1070 3323 1135 3394 fids

171 3525 274 3574 orasses
287 3537 328 3572 ss.
340 3529 540 3574 manmena
957 3525 975 3576 8
