2744 3800
62 38 67 91 ι

61 98 66 188 ἒ

61 199 66 225 r

227 153 293 220 24⁸
442 120 579 212 ‘nsum
596 158 719 213 oscen
736 159 987 212 nmroursnvsr

60 272 66 412 t
137 273 606 474 “retrecnn
629 299 1237 474 eneconis*

62 473 65 489 '
222 477 290 541 tur:
317 479 439 564 quanta
465 437 631 543 callente
658 479 825 544 tentorum
848 476 996 544 incendia
1020 476 1179 544 bellorum
1201 481 1237 543 et

222 563 365 630 excitata
382 567 461 631 sunt
476 568 511 632 et
527 585 686 650 repressa,
707 585 778 632 cum
798 569 833 631 et
850 569 948 632 antea
965 565 1109 632 minimis
1128 565 1234 632 musis

222 673 360 741 magnae
388 675 427 720 ac
455 653 627 721 diuturnae
649 653 756 721 clades
780 655 983 743 agitarentur
1004 659 1039 721 et
1059 674 1146 721 nunc
1169 671 1262 721 nra-o

60 786 64 808 r
220 741 301 810 nimi
327 742 470 848 undique
498 748 729 830 concrepantes
756 765 951 833 magnorum
980 744 1141 812 melorum
1170 743 1234 811 tra·

60 836 64 899 t
185 843 319 920 egeres
340 832 476 900 minemo
498 832 630 922 negotio
654 833 844 921 sopirentur.
880 834 945 901 iem
969 834 1055 900 enirn
1077 837 1149 900 erat
1169 833 1234 900 Rc·

221 943 294 988 mac
313 924 462 1011 quamuis
479 921 705 1008 praecatione
723 921 1117 1011 aerumnosissimum
1135 922 1233 990 iudici

222 1011 369 1078 omnium
391 1009 524 1079 Christo
545 1011 644 1080 etiam
664 1008 732 1099 ¹pro
754 1012 894 1080 inimicis
917 1017 951 1080 et
971 1012 1233 1099 persecutoribus
1250 1039 1273 1080 r.
1286 1033 1323 1078 cs

59 1092 62 1160 ἶ
184 1099 428 1188 scupplicaret
463 1099 565 1188 igitur
582 1101 669 1168 Otho
692 1122 775 1187 cum,
797 1101 904 1168 Galba
922 1105 956 1169 et
973 1101 1091 1169 Pisone
1108 1100 1233 1168 Romae
1248 1119 1274 1160 ιο

58 1215 63 1248 ι
134 1273 140 1284 ι
218 1187 417 1292 interiectis,
448 1189 534 1256 inter
564 1191 725 1294 tumultus
756 1189 932 1276 caedesque
965 1189 1141 1295 inuenisset
1171 1189 1232 1256 im·

218 1282 1019 1453 fflmnt.ltnx‘tt1ttttttrt,
1032 1278 1231 1433 ttllttf

218 1453 287 1520 nile
309 1453 444 1521 molitus
466 1454 573 1521 tribus
599 1455 740 1540 primum
768 1455 894 1522 leuibus
921 1455 1069 1541 proeliis,
1090 1454 1152 1522 hoc
1180 1459 1231 1522 est

217 1564 285 1610 uno
311 1541 396 1630 apud
424 1543 540 1631 Alpes,
571 1543 636 1612 alio
663 1544 750 1612 circa
775 1543 991 1629 Placentiam,
1018 1542 1118 1612 tertio
1144 1543 1231 1611 circa
1245 1559 1271 1604 ss

217 1629 336 1718 locum,
357 1653 452 1719 quern
471 1631 623 1700 Castores
641 1637 770 1718 nocent,
791 1637 907 1700 contra
920 1631 1115 1700 Vitellianos
1133 1631 1230 1699 duces

217 1739 411 1807 congressus
428 1721 535 1788 uictor
556 1719 748 1805 exstitisset,
776 1725 892 1808 quarto
922 1719 1008 1807 apud
1036 1719 1229 1788 Bedriacum

58 1855 61 1865 .
219 1807 344 1895 proelio
361 1829 435 1874 cnm
457 1809 742 1876 animaduertisset
763 1831 839 1876 suos
866 1810 966 1892 uinci,
993 1830 1101 1876 mense
1128 1809 1228 1876 tertio

58 1975 61 1984 ,
182 1907 210 1959 t*
220 1918 318 1982 quam
331 1895 491 1982 impetere
504 1901 657 1982 coeperat
668 1917 740 1963 sese
756 1897 927 1965 interiecit
953 1896 1106 1964 Vitellius
1124 1897 1230 1963 uictor

214 1983 354 2051 Romam
382 1984 488 2051 uenit:
518 1984 575 2052 ubi
602 2005 675 2052 cunr
698 1985 803 2052 multa
825 1984 998 2053 crudeliter
1019 2006 1058 2051 ac
1079 1985 1268 2072 nequiterso

57 2101 61 2131 =
216 2075 337 2160 ageret,
357 2072 542 2141 incredibili
559 2073 659 2140 etiam
677 2073 866 2141 uoracitatie
885 2073 1033 2161 appetitu
1050 2074 1226 2140 humanam

58 2184 61 2225 :
170 2235 172 2240 ,
214 2163 319 2228 uitam
346 2162 474 2248 probris
503 2161 720 2250 adgrauaret,
750 2167 924 2250 postquem
953 2162 993 2228 de
1022 2160 1227 2248 Vespasiano
1244 2189 1266 2230 r.
1280 2185 1317 2228 sss

58 2254 60 2269 '
214 2251 382 2338 comperit,
402 2252 545 2339 primum
567 2250 606 2318 dc
650 2272 726 2318 nere
749 2251 881 2319 molitus
904 2250 1085 2336 imperium,
1105 2255 1227 2337 poeta

215 2339 409 2428 quibusdam
422 2339 585 2407 animatus
643 2339 756 2407 binum
771 2339 965 2427 Vespasiani
978 2339 1123 2426 statrem,
1141 2338 1226 2406 nihil

214 2432 285 2494 tum
307 2428 387 2495 mali
409 2429 637 2515 suspicantem,
659 2450 733 2496 cum
756 2429 873 2496 ceteris
891 2428 1059 2496 Flauianis
1076 2428 1111 2495 in
1130 2426 1225 2516 Capi·
1238 2445 1266 2490 ac

213 2516 333 2585 tolinm
359 2517 518 2606 compulit
543 2538 761 2606 succensoque
788 2516 910 2605 templo
939 2521 974 2585 ct
1000 2516 1104 2584 mixta
1126 2515 1225 2583 simul

55 2645 58 2658 ι
213 2607 346 2674 flamma
367 2607 526 2694 ruinaque
548 2629 662 2675 omues
684 2607 720 2675 in
738 2629 839 2674 unum
857 2607 981 2694 pariter
998 2606 1166 2674 interitum
1186 2627 1224 2674 ac

177 2696 375 2764 stumulunr
398 2695 504 2765 dedit:
539 2700 620 2782 post·
637 2696 805 2764 deficiente
826 2697 861 2762 in
886 2695 1080 2783 Vespasiani
1103 2716 1224 2763 nornen

55 2778 59 2792 ’
213 2785 356 2852 exercitu
373 2805 433 2852 suo
455 2784 631 2852 destitutus
653 2783 1054 2872 udpropinqnantibueqne
1076 2784 1142 2851 ianr
1165 2785 1224 2852 hc·

214 2872 320 2940 stibus
336 2872 483 2960 trepidus
500 2895 573 2940 oum
592 2894 627 2940 se
650 2873 685 2940 in
708 2873 872 2960 quandam
895 2874 1076 2960 proximam
1095 2872 1223 2940 Palatio
1237 2891 1265 2935 so

212 2961 363 3066 cellulum
386 2961 611 3046 contrusisset,
633 2961 821 3048 turpissime
843 2961 918 3028 inde
940 2966 1127 3066 prptractns
1150 2983 1223 3067 cnm

211 3047 1223 3276 tcmffittt'tltttnffinfiffl

59 3482 62 3495 Ι
210 3401 360 3472 nillcatns
380 3407 479 3492 atque
498 3401 574 3469 inde
596 3423 680 3471 nnoo
701 3405 827 3470 tractus
849 3403 940 3471 etin
962 3401 1118 3470 'l'ilberim
1140 3421 1222 3470 mer·
1239 3431 1262 3474 s
1275 3419 1312 3464 os

59 3542 62 3599 i
176 3503 269 3559 sens
297 3490 396 3579 etiam
424 3491 589 3560 communi
617 3491 724 3559 carnit
751 3493 934 3578 sepultura·
972 3492 1085 3560 multis
1112 3498 1222 3559 actm
1330 3557 1331 3568 ,
