2826 3784
439 137 635 192 anvausvu
651 137 816 192 rhemos
835 138 860 190 v
877 141 902 192 a.
922 143 946 191 ι.
1142 135 1205 200 147

98 310 126 360 s
138 297 179 340 Μ
263 279 300 347 lh
323 279 378 366 pio
401 277 538 350 Claudio
556 279 594 358 Q.
613 276 755 347 Caecilio
773 275 907 347 Metello
930 279 1118 347 consulibus
1137 278 1204 365 Ap·
1223 287 1240 343 τ

192 369 266 455 pius
290 303 444 436 drantius
468 369 624 436 aduersus
647 365 798 434 Salassos
820 367 932 434 Gallos
955 388 1149 454 congressus
1172 371 1206 434 et

193 459 298 526 uictus
316 457 459 548 quinque
477 457 569 524 milia
587 455 727 524 militum
740 453 889 542 perdidit.
921 461 1072 543 reparata
1084 476 1207 545 pugna,

192 547 335 637 quinqua
357 549 450 617 milia
470 547 615 617 hostium
637 544 764 615 occidit
802 545 859 614 sed
882 568 955 615 cum
979 547 1070 615 iuxta
1093 547 1207 636 legem,

164 653 257 725 equa
284 638 496 705 constitutum
525 639 610 720 erat,
636 638 674 702 ut
700 635 837 721 quisque
864 637 1006 724 quinque
1033 637 1126 703 milia
1147 637 1206 704 ho·

191 725 291 792 stium
313 725 505 810 peremisset
522 721 744 809 triumphandi
762 720 1122 809 habeoeupousutom,
1143 725 1206 790 isto

79 867 82 874 .
213 833 319 898 uoque
340 811 544 916 triumphum
567 810 755 898 expetisset,
780 814 914 896 propter
937 811 1105 897 superiora
1126 832 1205 878 uero

92 925 94 930 ’
191 835 843 1075 iuuuuuruueullu
862 898 1088 1075 turricle
1106 903 1206 986 ’ΨΘ

150 1093 178 1138 ¹⁰
257 1077 295 1148 L.
321 1077 463 1148 Caecilio
491 1075 625 1146 Metello
654 1075 693 1157 Q.
715 1073 818 1144 Fabio
848 1075 990 1146 Maximo
1021 1075 1240 1146 Semilisno⁸

190 1168 378 1238 consulibus
408 1169 495 1236 inter
526 1171 634 1236 cetera
665 1166 815 1253 prodigia
844 1166 1054 1256 androgynus
1081 1167 1204 1236 Romae

189 1259 280 1324 uisus
302 1257 393 1326 iussu
415 1255 623 1345 haruspicum
645 1256 679 1323 in
702 1277 791 1323 mare
810 1277 935 1324 memus
953 1261 1011 1324 est
1048 1257 1104 1324 sod
1122 1257 1204 1325 nihil

188 1347 309 1433 impiae
319 1347 514 1434 expiationis
528 1345 714 1433 procuratio
727 1343 881 1432 prolecit3
895 1368 972 1414 nam
986 1350 1080 1414 tanta
1093 1347 1204 1414 subito

189 1435 377 1522 pestilentia
394 1440 508 1503 exorta
525 1438 585 1518 est
606 1436 644 1500 ut
665 1433 809 1501 ministri
831 1455 961 1522 quoque
983 1434 1205 1503 faciendorum

150 1525 339 1591 usunarum
367 1524 510 1629 primum
524 1545 606 1616 ,non
634 1522 823 1591 sufficerent
849 1522 964 1591 deinde
990 1545 1058 1591 non
1081 1531 1204 1610 esseut;

189 1613 319 1700 iamque
337 1619 436 1681 eham
455 1632 594 1701 magnae
612 1611 728 1680 domus
746 1632 869 1680 uacuae
887 1612 971 1680 uiuis
989 1614 1106 1698 plenae
1119 1635 1204 1681 mor·

189 1703 255 1771 tuis
273 1707 514 1771 remanserunt:
538 1701 741 1790 largissimae
759 1703 937 1769 introrsum
955 1701 1153 1770 hereditates
1171 1707 1205 1771 et

187 1791 271 1858 nulli
315 1793 423 1859 enitus
441 1789 585 1858 heredes.
621 1789 761 1878 denique
778 1791 844 1858 iam
861 1813 929 1858 nou
948 1791 1053 1865 solum
1071 1792 1106 1858 in
1124 1794 1240 1859 urbe⁰

187 1880 286 1947 uiuen
310 1881 318 1896 ‘
347 1880 404 1948 sed
431 1881 532 1946 etiam
555 1879 835 1967 adpropinquaudi
858 1879 900 1947 ad
923 1879 1036 1947 urbem
1059 1880 1202 1967 negaba·

33 1967 34 2038 l
147 1983 175 2028 ω
187 1972 244 2037 tur
260 1969 410 2054 facultas,
431 1972 499 2036 mm
518 1969 609 2036 saeui
627 1989 685 2054 per
702 1972 807 2036 totam
830 1969 945 2037 urbem
966 1969 1203 2038 tabescentium

33 2041 34 2112 i
187 2059 248 2124 suh
278 2057 373 2124 tectis
403 2062 501 2144 atque
532 2057 566 2124 in
598 2057 711 2124 stratis
743 2058 811 2132 suis
843 2058 1036 2126 cadauerum
1068 2063 1202 2145 putores

185 2145 432 2214 exhalabantur.

252 2233 408 2320 Expiatio
435 2233 495 2300 illa
517 2233 655 2302 crudelis
678 2237 712 2300 et
734 2233 823 2300 uiam
847 2235 1007 2302 mortibus
1031 2234 1200 2303 hominum
1220 2237 1254 2289 ¹⁰

186 2326 291 2390 morte
313 2321 455 2390 hominis
479 2326 606 2390 struem
624 2321 756 2390 tandem
773 2323 932 2391 Romanis
949 2324 1035 2392 inter
1053 2324 1202 2393 miserius

96 2439 120 2482 s·
132 2425 174 2470 Μ
188 2433 265 2480 suas
283 2411 556 2497 erubescentibus,
574 2433 672 2500 quam
694 2409 820 2480 mi'sera
838 2416 872 2479 et
888 2435 974 2480 uana
991 2418 1087 2502 esset,
1109 2414 1201 2483 inno·

144 2517 172 2560 κ
185 2500 259 2569 tuit
304 2504 380 2568 ante
409 2500 496 2569 enim
525 2501 561 2568 iu
589 2501 782 2590 suffragium
810 2503 1068 2589 praeueniendaa
1097 2503 1200 2573 cladis

184 2595 235 2660 est
252 2590 377 2677 habita,
394 2594 428 2659 et
446 2592 493 2660 sic
511 2589 701 2678 pestilentis
717 2597 893 2660 consecuta
910 2596 974 2680 eat3
992 2614 1075 2682 quoe
1088 2599 1200 2662 tamen

183 2682 254 2750 sine
284 2681 362 2749 ullis
395 2681 628 2750 sacrificiorum
659 2681 939 2752 satisfactionibus
970 2684 1199 2753 tautummodo

183 2772 358 2842 secundum
378 2794 565 2841 mensuram
583 2772 694 2841 arcani
711 2771 822 2841 iudicii
844 2773 974 2862 expleta
995 2774 1199 2864 correptione

142 2879 170 2921 ω
183 2862 298 2930 sedata
311 2868 370 2931 est
397 2885 495 2951 quam
510 2863 540 2930 si
553 2862 692 2930 artificas
710 2862 761 2929 illi
774 2863 1086 2932 circumuentionum
1099 2863 1197 2932 haru-
1212 2868 1250 2920 11

182 2952 287 3042 spicas
301 2952 363 3020 sub
380 2950 453 3040 ipsa
470 2955 508 3019 ut
520 2950 669 3020 adsolent
681 2951 897 3020 declinatione
910 2953 1099 3022 morborum
1112 2953 1198 3022 lorte

181 3041 411 3126 celebrassent,
432 3041 545 3146 procul
568 3040 667 3110 dubio
690 3041 755 3109 sibi
779 3041 830 3109 dis
855 3047 889 3110 et
912 3042 1030 3111 ritibus
1055 3043 1123 3112 suis
1148 3065 1196 3113 re·

110 3191 113 3198 .
180 3131 296 3200 ductae
310 3129 620 3218 sanitatrs'glorism
639 3130 868 3201 uindicassent
903 3133 951 3200 ita
969 3133 1090 3200 misera
1107 3133 1195 3200 etad

180 3220 354 3308 sacrilegia
371 3219 457 3287 male
473 3218 628 3308 religiosa
646 3219 763 3288 ciuitus
781 3219 968 3306 mendaciis,
985 3221 1103 3310 quibus
1117 3221 1196 3289 libe·

139 3323 167 3371 es
179 3309 247 3378 rari
269 3331 336 3377 non
358 3312 503 3396 poterat,
524 3307 705 3377 ludebatur.

245 3395 352 3488 Igitur
373 3395 494 3466 Fabius
516 3398 631 3466 consul
654 3402 770 3466 contra
785 3395 960 3468 Lusitanos
982 3404 1017 3468 et
1028 3397 1193 3469 Viriatum
1212 3402 1247 3457 ¹¹

180 3486 337 3554 dimicans
359 3485 513 3554 Bucciam
537 3488 707 3574 oppidum,
728 3489 816 3575 quod
837 3486 987 3557 Viriatus
1010 3489 1193 3577 obsidebat,

978 3589 1032 3648 ro·

33 3702 118 3754 'k
