2826 3784
383 171 580 227 nuvnuavu
597 171 763 227 raosuoe
781 173 805 224 v
823 178 849 228 ι.
868 176 893 227 ι.
1094 169 1158 237 149

148 313 265 397 utum,
292 312 373 381 adeo
399 312 573 382 infeliciter
595 313 720 400 proelia
742 317 859 380 cuncta
881 313 984 399 gessit
1006 320 1105 401 atque
1125 315 1161 380 in

149 400 182 468 id
214 422 366 487 suprema
393 400 620 489 desperatione
650 400 823 489 perductus
852 406 916 488 est,
947 406 985 469 ιι
1014 402 1161 490 turpissi-

147 510 237 557 mum
259 488 373 558 foedus
391 510 466 558 cum
484 489 695 558 Numantinis
712 492 819 559 tacere
837 495 1015 578 cogeretur.
1051 513 1161 578 quam·
1178 501 1212 552 ιι

147 578 199 644 uir
222 581 256 644 et
278 576 451 664 Pompeius
478 579 544 646 iam
571 579 659 646 aliud
681 599 783 665 aeque
805 578 928 646 infame
949 579 1064 648 foedus
1087 599 1161 646 cum
1278 665 1280 668 Ι

121 663 251 733 eisdem
273 664 485 734 Numantinis
508 667 607 753 paulo
630 671 707 735 aute
729 667 918 824 pehpigissat,
941 671 1072 734 senatur
1095 667 1161 734 dis·

22 797 25 806 ‚
146 754 233 822 solui
254 753 368 822 foedus
391 760 425 822 et
448 755 635 824 Mancinum
659 755 732 823 dedi
787 755 965 824 amantinis
987 757 1163 843 praecepit,

146 844 203 930 qui
228 843 352 911 nodato
378 864 513 929 corpore
540 846 752 930 manibusque
781 849 859 931 post
887 850 1020 931 tergum
1049 847 1158 912 reuin-

145 931 209 998 ctis
236 933 313 996 ante
340 935 453 1015 portas
475 927 754 998 Numantinorum
781 932 948 1017 expositus
976 933 1085 1018 ibique
1110 953 1162 998 ιι·

147 1038 209 1102 que
235 1017 270 1083 in
296 1021 427 1084 noctem
454 1037 602 1102 manens,
629 1039 650 1082 ιι
673 1018 741 1084 auis
764 1017 919 1102 desertus,
941 1019 984 1084 ab
1011 1018 1161 1085 hostibus
1265 1043 1268 1048 ·

107 1120 135 1163 ιι
147 1108 257 1258 euterpe
274 1126 342 1172 non
360 1108 530 1191 susceptus
550 1105 750 1173 lacrimabile
772 1107 918 1192 utrisque
940 1105 1161 1192 spectaculum

169 1214 225 1260 rae
249 1192 307 1260 uit.

146 1215 168 1280 p
211 1280 405 1351 Exclamare
426 1282 490 1352 hec
512 1282 585 1351 loco
607 1282 702 1353 dolor
723 1281 833 1371 exigit
869 1303 927 1350 cur
948 1281 1031 1352 falso
1054 1283 1198 1370 actiui

146 1370 297 1458 Romani,
319 1393 373 1438 mc
419 1395 440 1438 ι
460 1373 520 1439 illa
541 1373 675 1440 nomina
696 1372 841 1439 iustitiae
864 1372 938 1438 lidei
956 1372 1160 1440 tortitudinis

147 1464 180 1526 et
202 1459 351 1527 miserico
393 1461 442 1528 'ae
459 1460 655 1528 uindicatis?
679 1485 699 1528 a
717 1459 929 1529 Numantinis
952 1459 1033 1528 haec
1051 1462 1170 1550 uerius·

107 1563 135 1608 ιι
147 1546 270 1615 discite.
296 1548 485 1617 fortitudine
503 1571 585 1635 opus
602 1548 689 1617 init?
707 1549 883 1637 pugnando
902 1549 1057 1618 uicerunt
1079 1549 1159 1618 fides
1176 1559 1195 1611 ι

147 1634 359 1724 exigebatur?
380 1637 548 1706 medentes
566 1637 639 1705 aliis
657 1639 835 1705 secundum
853 1659 897 1725 ιι,
918 1659 1000 1724 quos
1018 1639 1159 1706 occidere

147 1727 333 1812 potuerant,
350 1731 447 1814 pacto
464 1726 594 1797 loedere
611 1726 813 1795 dimiserunt.
848 1725 975 1796 iustitia
991 1725 1160 1814 probanda
1177 1736 1195 1788 ⁸

57 1830 134 1885 ιιιι
147 1814 242 1881 erat?
272 1814 433 1901 lprobauit
462 1837 534 1885 eam
562 1817 615 1884 uel
645 1817 765 1885 tacitus
794 1820 941 1902 ιιιιιιι,
969 1837 1042 1884 cum
1072 1816 1158 1885 idem

144 1900 341 1970 Numantini
373 1924 432 1991 per
462 1903 590 1992 legatos
622 1926 699 1972 auor
731 1909 789 1972 aut
819 1904 1013 1971 inuiolatam
1044 1927 1159 1992 pacem

104 1991 250 2059 accolam
278 1995 336 2058 ιιι
363 2013 489 2078 omnes,
516 2014 597 2080 quos
624 1993 760 2082 pignore
786 1993 876 2080 pacis
903 1997 1037 2080 accepto
1063 1995 1159 2062 uiuos

145 2079 345 2165 dimiserant,
358 2081 580 2168 reposcebant
608 2081 831 2150 misericordia
844 2081 1059 2149 examinanda
1070 2083 1195 2150 uide-c
1332 2087 1336 2108 '

144 2168 267 2235 batur?
301 2167 383 2236 satis
415 2169 600 2239 documenti
631 2171 789 2238 dedorunt
819 2171 874 2238 uel
906 2170 1085 2239 emittendo
1117 2171 1159 2240 ad

144 2256 249 2323 uitam
275 2256 443 2325 inimicum
470 2258 647 2326 exercitum
673 2259 725 2326 uel
753 2259 794 2326 ad
820 2280 962 2345 poenam
990 2280 1059 2326 non
1080 2259 1159 2328 reci·

144 2345 263 2432 piendc
292 2344 489 2413 Mancinum.
533 2345 746 2416 Μιιιίιιιιι
777 2368 859 2435 rogo
891 2346 1054 2416 dedendus
1085 2348 1194 2435 fuito

105 2433 201 2521 “qui
233 2433 313 2501 uicti
343 2433 505 2502 exercitus
531 2434 761 2521 inpendentem
791 2434 1042 2504 trucidationem
1063 2457 1158 2524 prae·

145 2525 238 2591 teuto
260 2520 400 2590 umbone
424 2523 513 2610 pacti
536 2521 676 2591 foederis
698 2523 842 2610 dispulit,
863 2524 919 2612 qui
937 2524 1158 2611 periclitantes

168 2611 271 2680 atriae
293 2611 380 2680 uires
402 2613 437 2680 in
460 2612 597 2681 meliora
617 2617 767 2699 tempora
788 2613 992 2682 reseruauit?
1035 2618 1094 2682 aut
1130 2616 1196 2682 sic

145 2634 316 2790 displicuit
350 2701 465 2771 foedus
497 2702 585 2792 quod
616 2706 749 2790 pactum
780 2706 844 2790 est,
880 2724 938 2772 cur
969 2703 1063 2772 miles
1095 2665 1158 2774 boc

145 2791 282 2881 pignore
299 2791 485 2881 redemptus
503 2797 572 2880 aut,
593 2815 667 2862 cum
689 2796 915 2882 muerteretur,
936 2797 1085 2900 receptus
1107 2800 1160 2864 est

105 2897 133 2941 ιι
146 2888 213 2968 ιιι,
234 2903 309 2951 cum
327 2887 537 2971 repeteretur,
557 2884 703 2953 redditus
720 2905 786 2952 nou
806 2882 878 2952 eat?
900 2887 968 2972 aut,
990 2906 1019 2952 ιι
1037 2885 1161 2974 placuit
1296 2885 1304 2897 ‘

146 2972 269 3040 seruati
291 2972 407 3040 militis
435 2973 679 3062 qualiscumque
706 2973 870 3062 pronicio,
895 2995 952 3042 cur
978 2973 1158 3063 Mancinus,
1206 2983 1229 3054 ,’

144 3061 202 3151 qui
223 3061 287 3132 hoc
308 3062 447 3220 pepigit,
470 3063 560 3132 solua
584 3058 711 3132 deditus
735 3061 819 3132 luit?

210 3150 324 3241 Nuper
378 3175 465 3240 arro,
487 3157 527 3222 ut
546 3176 765 3243 praepropera
786 3174 898 3243 pugna
919 3152 1069 3242 iniretur,
1091 3154 1193 3223 col-t

143 3241 252 3331 legam
271 3242 408 3311 Paulum
426 3243 650 3314 obluctantem
666 3244 809 3333 impulit,
830 3242 1046 3333 trepidantem
1064 3265 1157 3333 prae·

102 3347 131 3392 ιι
144 3331 294 3418 oipitauit
314 3331 501 3419 ιιιιιιιιιι,
521 3333 668 3404 infelices
691 3357 729 3403 co
753 3334 803 3402 ias
821 3334 906 3423 apud
924 3334 1063 3403 imanes
1080 3332 1156 3403 illas

143 3418 302 3490 Βιιιιιὶι
319 3420 465 3490 cladibus
485 3420 614 3494 Οιιιιι
636 3445 704 3494 ιιι
726 3357 889 3530 disposuit
910 3423 1081 3494 armamini
1099 3423 1157 3494 aad

143 3509 298 3595 opposuit
318 3511 433 3597 morti3
455 3513 649 3601 plusquam
671 3533 720 3582 ιι.
743 3515 837 3582 mulia
857 3514 904 3582 ibi
927 3514 1068 3583 militum
1090 3512 1156 3585 Ro-
