2820 3778
311 90 508 144 ADVEBSW
525 90 690 144 raomos
707 91 765 144 1111
784 94 826 146 18.
848 95 889 146 lt.
1043 89 1105 156 131

92 230 205 298 Airita
227 231 401 320 adgressus
422 232 560 300 hiberna
581 231 764 300 Poenorum
787 238 884 321 atque
907 233 973 301 alia
995 231 1108 300 Numi·

94 321 217 405 darum,
235 342 318 409 quae
331 326 468 408 ubsqm
486 321 573 389 haud
591 322 705 408 prooul
725 320 767 388 ab
782 320 880 391 Vtioa
892 327 995 408 erant,
1012 326 1108 389 noete

94 409 251 477 concubia
276 408 355 476 ieoit
380 410 518 478 ineendi.
562 409 665 476 Poeni
686 409 806 496 trepidi
829 431 903 478 onm
925 430 1003 477 oasn
1026 409 1107 478 eooi-
1128 413 1161 465 ¹⁹
1304 396 1308 487 f

94 497 180 564 ‹lisse
203 497 314 584 ignem
335 501 502 584 putarent,
528 497 669 566 inermes
692 499 733 566 ul
757 499 1010 585 extinguendum
1033 520 1110 566 eon-

69 589 283 654 sonnerunt:
310 607 409 674 qnare
431 586 527 654 iaoile
549 587 592 654 ab
615 587 751 653 armatis
774 587 922 674 oppressi
945 590 1031 654 sunt
1074 587 1110 653 in

8 689 81 746 aser
95 675 242 764 utrisque
255 673 382 744 eatstris
395 674 612 765 quodraginta
624 675 716 743 milia
733 674 904 744 hominnm
922 675 992 764 igni
1009 676 1110 744 ferro·

93 785 156 851 qne
178 770 372 852 consumpta
394 769 484 851 sunt,
511 769 608 852 oapta
629 767 772 853 quinque
794 767 900 850 milia,
927 765 1023 832 duoes
1044 765 1109 851 ipsi
1154 793 1157 800 ·
1304 744 1308 832 i
1400 771 1401 780 ’

92 849 326 921 miserabiliter
342 854 486 922 ambusti
504 874 601 942 aegre
620 853 812 942 effugerunt
848 853 1034 921 Hmdrnbal
1048 855 1109 920 im-
1125 854 1161 909 ¹⁰
1304 903 1308 914 .

93 945 225 1028 perator
252 939 485 1028 Carthaginem
514 941 672 1030 profugus
701 942 807 1027 uonit3
838 941 948 1028 itaque
976 939 1109 1028 Syphax

54 1033 129 1100 met
159 1027 349 1096 Hasdrubal
379 1049 455 1096 mox
491 1029 668 1115 plurimum
703 1049 895 1115 repersuere
930 1029 1110 1096 exereitum

93 1121 191 1203 atque
218 1118 336 1183 iterum
363 1137 436 1183 oum
464 1115 516 1184 Sei
540 1116 614 1183 ione
644 1136 705 1183 oon
746 1117 810 1182 essi
842 1119 933 1201 sunt,
965 1115 1109 1202 uictique

92 1204 255 1290 fugerunt
301 1202 483 1291 Syphacem
513 1139 547 1271 ir

93 1296 258 1379 oeperunt,
275 1297 383 1359 uetera
396 1291 572 1360 multitudo
587 1289 712 1360 (lirtam
725 1290 882 1378 confugit,
897 1314 995 1380 quam
1009 1291 1109 1358 Masi·
1151 1356 1155 1364 .

92 1380 183 1447 nisse
205 1383 430 1467 oppugnatam
446 1380 482 1446 in
501 1379 696 1448 deditionem
713 1381 844 1466 recepit,
867 1377 1050 1466 Syphsoem
1067 1379 1108 1448 ad

52 1483 80 1528 rs
93 1465 277 1554 Scipionem
300 1467 424 1537 eatenis
446 1468 592 1536 ninotum
614 1468 760 1554 deduxit3
783 1489 880 1555 quem
903 1467 1012 1555 Scipio
1035 1489 1109 1535 oum

93 1557 281 1645 ingentibus
313 1557 427 1643 spoliis
457 1555 670 1644 plurimisque
701 1557 842 1644 captiuis
869 1555 1110 1643 perducendum

92 1645 205 1713 laelio
227 1645 370 1716 tradidit.
1307 1693 1312 1706 .

158 1732 325 1802 Hannibal
351 1732 457 1801 redire
483 1733 519 1801 in
541 1732 689 1802 Afrioam
709 1733 831 1820 iussus,
852 1737 890 1800 ut
910 1733 1006 1801 fessis
1030 1729 1163 1802 (lar-1⁹
1309 1755 1313 1767 ·

91 1822 354 1911 tbaginienaibus
377 1822 576 1908 subueniret,
598 1822 679 1889 flens
700 1822 835 1909 reliquit
855 1821 987 1889 Italiam
1005 1821 1108 1889 onmi-
1311 1855 1313 1860 ·

52 1913 153 1982 robus
181 1910 290 1983 Italioi
320 1911 448 2003 generis
478 1911 639 1981 militibus
662 1911 719 2002 qui
743 1911 835 2002 sequi
856 1910 985 1980 nollent
1009 1910 1108 1980 inter·

90 2004 196 2076 laetis.
244 2003 296 2074 oui
328 2003 371 2072 ad
401 2002 595 2074 Airioannm
626 2003 705 2073 litus
736 2002 969 2094 propinquanti
999 2002 1107 2072 iussos

92 2095 224 2183 quidam
246 2116 265 2162 e
287 2095 427 2162 nantieis
451 2096 624 2164 ascendere
645 2095 682 2162 in
709 2094 860 2162 arborem
886 2094 981 2161 nanis
1009 2098 1108 2182 atque

91 2184 167 2251 inde
195 2183 357 2269 speoulsri
369 2231 379 2268 ,
411 2205 509 2269 quam
535 2204 570 2250 re
596 2183 702 2250 'onem
729 2185 870 2268 teneret,
900 2183 1108 2269 sepulobrum

8 2287 79 2339 oro
92 2271 235 2340 dirutum
258 2293 293 2339 se
315 2271 520 2359 prospexisse
543 2292 604 2339 res
628 2270 733 2357 ondit3
755 2270 962 2339 abominatus
985 2268 1108 2338 &etum
1142 2271 1144 2276 ’

50 2377 78 2422 ¹⁸
91 2359 260 2430 Hannibal
281 2359 405 2429 deflexo
428 2383 523 2429 eumn
542 2361 583 2429 ad
647 2360 731 2447 ptim
749 2359 905 2448 oppidum
923 2359 1035 2447 oopiss
1054 2380 1107 2427 ex·

90 2451 209 2538 posuit
245 2449 302 2537 qni
324 2450 478 2518 oontinuo
500 2451 623 2519 roseata
643 2449 853 2517 multitudine
872 2447 1107 2538 Carthaginem
1125 2461 1142 2513 a

91 2539 195 2625 uenit,
226 2537 342 2606 deinde
369 2538 577 2624 oonloqoinm
603 2537 763 2625 Scipionis
789 2537 894 2624 petiit.
947 2537 1005 2605 ubi
1033 2559 1108 2604 eum

91 2649 126 2695 se
145 2627 201 2694 diu
219 2626 354 2694 attoniti
371 2627 585 2695 admiratione
603 2630 717 2693 mutua
734 2625 800 2693 duo
818 2624 992 2693 olsrissimi
1009 2625 1107 2693 ‹luoes

548 1205 691 1292 gisum
780 1204 843 1271 lius
871 1207 905 1271 st
932 1202 1109 1272 Masinissa
1125 1205 1159 1258 ²1
1304 1207 1310 1243 ·'

91 2715 322 2804 suspexissent,
343 2714 465 2783 inleoto
483 2715 574 2802 pasis
592 2713 903 2804 negotioproelium
920 2717 1106 2782 nonsartum
1224 2775 1225 2778 ,
1310 2714 1314 2727 “

51 2817 79 2862 ⁸0
93 2809 156 2872 est:
175 2804 262 2892 quod
275 2805 332 2872 diu
345 2803 476 2891 magnis
490 2804 607 2872 dueum
622 2803 747 2871 artibus
760 2802 964 2890 dispositum,
976 2801 1105 2891 magnis
1122 2814 1141 2866 s

90 2895 257 2981 oopisrnm
275 2893 416 2962 molibus
430 2897 569 2998 gestum,
592 2893 723 2981 magnis
736 2891 878 2960 militum
890 2891 1017 2960 uiribus
1031 2913 1107 2960 oon·

90 2990 289 3051 summatum
310 2982 467 3051 Romanus
489 2982 660 3051 niotoriam
682 2981 831 3051 eontulit.
867 2981 1038 3070 octoginta
1059 2980 1106 3048 ibi

90 3071 257 3160 elephanti
282 3070 336 3140 uel
364 3071 453 3160 eapti
475 3070 528 3139 uel
551 3071 649 3140 oooisi
672 3067 813 3156 sunt,0
935 3069 943 3086 '
970 3068 1107 3137 'ensium

93 3161 100 3178 '
125 3160 263 3230 terieota
289 3164 368 3229 sunt
388 3179 439 3230 xx
460 3159 554 3229 milia
580 3157 762 3249 quingenti.
805 3157 915 3227 Hanni
993 3157 1107 3227 omnia

49 3263 77 3309 ⁸⁶
91 3255 125 3318 et
145 3254 221 3318 ante
242 3250 404 3337 proelium
426 3253 461 3318 et
481 3251 517 3318 in
539 3249 664 3338 proelio
686 3253 853 3336 expertus,
880 3269 955 3315 enm
981 3247 1104 3336 panus,

88 3338 152 3408 boe
169 3345 221 3408 est
238 3339 292 3408 nix
310 3342 465 3428 quattuor
482 3338 657 3428 equitibus,
673 3339 761 3406 inter
778 3337 955 3405 tumultum
972 3337 1103 3424 elapsus

88 3426 326 3495 Hadrumetum
352 3427 510 3515 confugit
553 3433 671 3515 postea
692 3424 925 3516 Carthaginem
947 3429 1026 3514 post
1046 3435 1141 3494 sext

906 3527 944 3584 οἱ
