2750 3800
354 125 549 178 snvnesvsr
566 123 731 179 rueeuos
749 123 788 177 vr
808 127 849 180 re.
1042 119 1108 186 215

8 261 9 266 ἵ
100 278 184 343 sunt
220 269 340 340 Caesar
361 267 437 336 inde
459 269 560 336 citato
580 268 710 356 agmine
728 290 786 356 per
801 267 940 356 Epirum
957 268 992 336 in
1008 267 1108 335 Thes·
1126 279 1163 332 tt

8 403 9 440 ,
100 363 214 430 saliam
231 359 386 447 perrerit3
408 358 581 444 Pompeius
598 379 673 424 eum
691 357 839 425 maximis
858 357 961 444 copiis
979 361 1109 425 secutus

8 447 9 518 l
99 451 283 535 bellumque
305 446 513 514 commissum
535 451 593 513 est
630 446 741 532 itaque
759 446 931 512 instruitur
948 446 1109 532 utrimque
1125 459 1163 510 te
1305 441 1315 527 ‚l
1365 495 1366 516 ,

100 538 194 605 ecies.
237 535 414 621 Pompeius
443 534 611 620 octoginta
640 539 674 601 et
702 539 776 601 octo
806 533 957 602 cohortes
986 531 1109 618 triplici

8 663 10 748 p
73 626 211 694 sordine
242 624 377 692 locauit:
413 623 546 690 luerunt
576 626 684 689 autem
716 621 862 709 peditum
893 620 1109 708 quadraginta

8 769 9 800 ;
99 716 204 799 milia,
234 715 357 800 equites
390 712 424 778 iu
456 711 588 779 sinistro
619 733 720 782 cornu
750 711 902 792 sescenti,
933 710 968 776 in
995 711 1109 778 dextro

8 821 9 844 ι
99 803 278 890 quingenti,
300 807 469 888 praeterea
491 820 583 887 reges
606 801 711 887 multi,
732 805 899 868 senatores
922 799 1109 886 equitesque

8 919 9 924 ¹
99 891 239 958 Romani
266 889 412 976 plurimi,
439 889 561 975 absque
583 889 706 956 leuium
729 892 966 956 armaturarum
989 909 1109 972 magna

99 979 200 1064 eopia
236 975 357 1044 (laesae
378 976 527 1042 similiter
550 976 719 1062 octoginta
740 975 890 1043 cohortes
913 975 1035 1061 triplici
1058 997 1107 1042 or·
1125 979 1164 1030 ²⁴

62 1085 86 1125 ιο
99 1066 173 1133 dine
190 1065 361 1152 disposuit,
382 1064 435 1131 cui
454 1064 584 1130 luerunt
608 1065 714 1130 minus
737 1087 835 1150 quem
857 1063 995 1149 triginta
1017 1063 1110 1129 milia

98 1155 252 1244 peditum,
275 1153 398 1242 equites
416 1151 513 1220 mille.
548 1151 657 1220 uidere
675 1153 722 1221 ibi
740 1157 774 1220 et
795 1172 923 1240 gemere
942 1155 1014 1218 eret
1031 1171 1106 1219 con·
1124 1155 1163 1208 *δ

98 1251 218 1312 tractes
248 1243 471 1312 Romanorum
502 1242 586 1309 uires
618 1243 654 1310 in
685 1244 809 1330 campis
838 1241 1035 1310 Pharsalicis
1067 1241 1108 1308 ud

98 1333 293 1402 occisionem
316 1336 463 1400 mutuam
485 1331 684 1412 constitisse,
710 1355 791 1419 quas
814 1331 843 1398 si
865 1331 1038 1400 concordia
1059 1353 1108 1398 re·

97 1423 206 1505 risset,
226 1421 308 1488 nulli
325 1421 445 1508 populi,
467 1420 548 1486 nulli
566 1441 660 1505 reges
679 1422 762 1487 ierrs
780 1419 972 1506 potuissent
1003 1421 1110 1506 prima
1126 1427 1165 1479 ²⁸

63 1527 87 1568 ιι
100 1510 329 1595 congressione
357 1509 519 1596 equitatus
542 1507 678 1595 Pompei
704 1510 818 1595 pulsus
846 1508 979 1575 sinistre
1005 1508 1110 1575 latera

96 1597 240 1666 nudauit
275 1597 390 1665 deiude
407 1618 481 1665 eum
504 1596 560 1665 diu
582 1597 745 1684 utrimque
768 1595 867 1664 dubia
888 1603 976 1664 sorte
998 1597 1108 1664 caede·

98 1691 211 1754 rentur
232 1691 329 1774 atque
351 1709 391 1754 ex
414 1687 479 1753 alie
501 1692 594 1774 perte
613 1687 786 1774 Pompeius
804 1687 891 1753 iuter
911 1685 1108 1754 hortandum

97 1775 219 1844 diceret
250 1797 362 1862 parce
394 1774 548 1858 ciuibus
578 1797 639 1842 uec
667 1780 778 1842 tamen
806 1775 941 1860 laceret,
972 1797 1012 1842 cr
1044 1776 1110 1842 alia

47 1910 49 1914 -
97 1887 174 1932 uero
197 1863 318 1932 Caesar
340 1865 402 1932 hoe
429 1863 566 1950 feceret,
592 1864 677 1951 quod
701 1869 831 1952 urgeret
853 1863 961 1932 diceus
984 1865 1108 1949 miles,

57 1954 234 2023 eraclam
262 1955 351 2042 feri,
381 1954 512 2022 medem
541 1953 712 2022 uniuersus
741 1953 876 2040 Pompei
906 1953 992 2041 fugit
1021 1975 1108 2021 exer-

97 2045 189 2130 citus,
206 2049 377 2131 castraque
396 2043 523 2129 direpte
541 2049 627 2112 sunt
663 2066 760 2112 caesa
777 2048 855 2111 sunt
872 2043 907 2110 in
925 2065 964 2110 eo
982 2045 1107 2130 proelio
1125 2052 1164 2106 2²

96 2133 368 2218 Pompeianorum
396 2132 579 2218 quindecim
604 2133 709 2216 milia,
739 2133 943 2199 centuriones
970 2133 1109 2220 triginta

96 2226 129 2286 ct
150 2225 226 2288 tres.
271 2221 325 2288 hic
351 2220 458 2288 exitus
486 2241 615 2308 pugnae
642 2221 683 2288 ad
706 2219 1013 2306 Palaecphersalum
1035 2221 1108 2288 luit

97 2307 268 2395 Pompeius
304 2308 434 2395 lngieus
467 2310 501 2374 iu
532 2310 617 2377 ostio
650 2309 748 2377 Peuci
784 2308 890 2375 amuis
926 2309 1107 2378 onerariam

56 2413 82 2455 rs
95 2406 211 2462 nauem
238 2401 378 2464 nanctus
405 2397 440 2463 iu
461 2397 576 2466 Asiam
603 2397 743 2466 transiit
786 2397 862 2464 inde
886 2419 943 2484 per
964 2395 1106 2485 Cyprum
1124 2406 1163 2460 28
1305 2417 1310 2436 ·

95 2486 129 2550 in
151 2485 337 2570 Aegyptum
360 2487 452 2552 ueuit
473 2486 582 2573 ibique
605 2509 681 2554 mox
703 2489 740 2552 ut
761 2485 841 2552 litus
864 2485 989 2573 attigit,
1015 2485 1107 2554 iussu

94 2571 273 2639 Ptolemeei
304 2573 519 2640 adulescentis
550 2575 585 2641 in
617 2573 758 2662 gratiem
790 2573 938 2642 Caeneus
972 2573 1107 2642 uictoris

94 2661 218 2728 occisus
251 2667 309 2729 est.
360 2661 496 2748 Pompei
528 2683 610 2729 uror
640 2661 764 2749 filiique
795 2661 964 2750 fugeruut3
999 2671 1107 2730 cetera

94 2749 293 2836 Pompeiane
316 2751 431 2820 classis
450 2751 576 2838 direpte
593 2755 645 2819 est
662 2751 811 2819 omnibus
830 2751 938 2838 quiin
957 2773 996 2819 ea
1013 2757 1107 2820 erant

8 2854 78 2904 em
97 2839 316 2908 crudelissime
333 2841 514 2922 trucidetis,
534 2839 650 2928 libique
668 2845 703 2908 et
719 2841 895 2927 Pompeius
917 2839 1105 2928 Bithynicus

57 2943 83 2986 ⁸1
98 2929 222 2997 occisus
245 2934 303 2998 est
347 2929 505 2999 Lentulus
527 2951 606 2998 nero
628 2930 680 2998 uir
701 2931 880 2998 consuleris
902 2931 988 3017 eputl
1011 2930 1105 3000 Pelu-

93 3017 176 3085 sium
198 3019 389 3087 iuterlectus
412 3023 471 3087 eat
516 3016 638 3087 Caesar
659 3019 836 3106 conpositis
859 3020 946 3106 apud
967 3019 1105 3088 Thessa·
1123 3028 1160 3082 2⁹

93 3105 170 3173 liam
199 3107 296 3174 rebus
325 3107 557 3176 Alexandriam
587 3109 680 3176 uenit
708 3109 896 3196 perlatoque
926 3109 967 3175 ad
999 3131 1034 3177 se
1066 3131 1104 3177 ec

94 3193 164 3261 uiso
195 3195 331 3280 Pompei
362 3197 469 3282 cepite
501 3197 664 3283 anuloque
694 3197 798 3284 fleuit3
834 3220 971 3286 cumque
1002 3219 1037 3266 se
1068 3197 1104 3266 in

54 3281 217 3365 ”regium
243 3283 430 3370 recepisset,
460 3284 649 3352 eludebatur
676 3309 697 3354 a
723 3287 900 3373 tutoribus,
929 3287 1103 3376 quominus

93 3367 263 3447 pecuniam
286 3369 463 3459 acciperet,
484 3367 609 3458 templa
631 3395 691 3439 sua
713 3379 786 3441 estu
809 3375 1039 3462 spoliantibus,
1065 3381 1105 3444 ut

93 3455 127 3516 et
148 3453 256 3540 regios
277 3455 447 3526 thesauros
474 3480 595 3528 uacuos
617 3479 689 3528 esse
711 3463 918 3532 ostenderent
939 3467 973 3532 et
994 3463 1030 3532 in
1051 3465 1103 3533 in-
