2800 3790
85 50 97 146 l

91 150 96 211 l

90 232 95 265 ι

86 283 93 391 s'

299 129 343 199 '18
546 135 654 188 rsvu
672 134 795 188 onoeu
813 134 1062 188 mammem

295 276 446 344 stimulus
463 275 653 363 superfusus
671 297 776 364 pauor
792 277 928 363 ipsaque
941 273 1200 343 dissimulatione
1213 275 1308 344 dolor

294 361 422 432 astruis
446 365 510 434 hoe
537 366 635 432 altius
662 365 821 432 demissus
848 387 912 453 quo
934 365 1042 431 minus
1064 365 1210 450 profiteri
1232 364 1344 432 liceto
1357 379 1394 423 Μ

293 452 497 539 fimentinm,
517 473 559 520 ne
580 453 673 556 ipsae
694 473 823 540 quoque
845 452 998 520 lacrimae
1021 474 1080 539 pro
1103 452 1309 520 eontumaeia

83 498 88 583 i
236 549 276 603 ⁸¹
294 540 503 626 accipiantur.
546 540 629 608 alius
664 541 815 629 populos,
851 540 983 608 auulsoe
1017 561 1038 606 a
1069 540 1200 607 sedibus
1230 539 1309 625 suis,

292 629 412 697 linibus
438 629 582 697 hostium
608 630 762 718 opponit3
789 629 871 697 slios
894 630 930 696 in
953 629 1104 696 extremis
1126 629 1221 716 regni
1243 633 1306 695 ter·
1334 641 1349 686 ⁸

292 718 393 785 minis
411 718 720 876 statuitmuosdam
737 718 954 786 aemulatione
973 717 1103 804 uirium,
1119 740 1162 785 ne
1179 717 1307 804 possint

293 806 381 896 qnod
397 829 495 894 posse
512 829 530 876 e
587 811 697 894 untur,
714 807 750 876 in
768 808 995 894 supplemento
1009 806 1238 875 exhaustarum
1254 828 1305 873 nr·

237 907 278 960 tt
294 897 386 965 bium
412 895 537 964 diuidit
580 898 630 965 ita
655 896 928 985 gloriosissimum
953 894 1036 964 illud
1064 895 1227 984 quondam
1249 895 1306 964 flo-

75 977 78 986 Ι
225 1063 229 1068 ,
290 987 395 1054 rantis
417 985 573 1054 Graeciae
601 1009 720 1076 eorpus
746 987 783 1056 in
812 988 931 1054 multas
959 987 1183 1075 laceratasque
1205 985 1305 1072 parti-

291 1075 383 1144 eulss
405 1077 567 1144 mtineta
588 1076 728 1164 primum
749 1077 902 1145 libertate
924 1076 1074 1144 eoneidit
1319 1089 1347 1133 ¹⁰

234 1169 278 1229 1⁸
360 1163 424 1232 Sed
454 1165 536 1234 lisso
566 1188 640 1234 oum
670 1187 730 1252 per
757 1167 943 1253 aliquantas
970 1165 1126 1234 Graeciae
1153 1164 1304 1233 ciuitates

289 1253 486 1322 amouisset
507 1259 542 1322 et
561 1259 673 1322 tumen
695 1276 810 1323 omnes
832 1259 922 1323 metu
944 1259 1115 1342 premeret,
1140 1253 1303 1322 eonioiens

91 1332 97 1348 ’
159 1373 163 1382 ·
288 1365 330 1412 ex
356 1343 479 1432 praeda
503 1365 680 1432 pensorum
707 1367 787 1433 opes
814 1343 975 1433 omnium,
1004 1343 1046 1413 ad
1072 1342 1304 1431 perfiniendam

288 1435 459 1522 aequalem
485 1434 521 1503 in
546 1435 707 1504 uniuersis
735 1437 954 1504 uastationem
980 1434 1055 1504 utili
1082 1433 1303 1502 emolumento

287 1525 506 1594 noemsariam
527 1526 726 1596 maritimam
749 1527 862 1595 urbem
884 1531 990 1613 ratus,
1016 1524 1225 1614 Byzantium,
1247 1546 1304 1592 no
1318 1536 1345 1582 1⁸

238 1623 241 1628 '
288 1615 390 1684 bilem
407 1615 582 1704 ciuitatem,
604 1617 809 1703 aptissimam
827 1616 991 1704 iudicauit,
1009 1622 1048 1684 ut
1064 1614 1303 1702 receptaculum

289 1704 352 1772 sibi
382 1707 472 1772 terra
501 1707 648 1794 marique
680 1706 785 1792 fleret,
817 1729 952 1795 mmque
982 1706 1197 1774 obsistentem
1225 1704 1302 1772 ilieo

247 1792 460 1860 subsidione
484 1794 594 1861 uinxit
637 1793 718 1862 haee
740 1799 849 1862 autem
872 1795 1072 1881 Byzantium
1095 1793 1259 1881 quondam
1282 1815 1303 1860 a

270 1879 452 1948 *Paussnia
481 1903 559 1970 rege
590 1881 825 1966 Spartanorum
857 1883 1001 1969 eondita,
1031 1887 1109 1969 post
1139 1884 1249 1948 autem
1280 1902 1301 1947 a

289 1965 506 2038 constantim
537 1968 725 2038 Christiano
756 1971 902 2058 principe
933 1972 968 2038 in
999 1971 1105 2039 maius
1137 1973 1235 2037 aucta
1266 1971 1301 2036 et
1314 1983 1342 2027 η

287 2055 588 2147 Constantinopolis
609 2059 712 2145 dieta,
740 2059 970 2148 gloriosissimi
991 2080 1078 2127 nuno
1100 2057 1228 2146 imperii
1252 2079 1300 2125 se-

247 2146 347 2214 sdes
373 2153 408 2216 et
428 2148 531 2216 totius
552 2152 652 2237 eaput
673 2149 809 2218 orientis
831 2154 889 2218 est
929 2149 1101 2237 Philippus
1123 2169 1201 2216 uero
1223 2152 1301 2235 post

285 2235 419 2326 longum
451 2242 486 2305 et
514 2239 648 2306 inritam
678 2237 895 2326 obsidionem,
931 2241 969 2305 nt
999 2237 1169 2326 pecuniam
1201 2258 1300 2324 quam

286 2324 473 2396 obtitudo
499 2326 695 2396 exhauserat
715 2327 901 2416 praedando
923 2332 1102 2415 repararet,
1128 2325 1300 2415 piraticum
1313 2351 1336 2392 r·
1350 2338 1389 2384 ππ

286 2415 459 2508 adgressus
490 2421 549 2488 est
593 2422 707 2506 eaptus
738 2419 850 2508 itaque
879 2435 975 2488 cm
1005 2440 1107 2486 naues
1138 2415 1300 2485 morsibus
1314 2430 1341 2475 rt

286 2507 449 2577 eonfertas
461 2505 614 2578 dishasit
629 2512 663 2578 et
671 2508 841 2578 anhelanti
849 2507 979 2596 inopiae
988 2529 1091 2596 parua
1099 2506 1299 2575 reorestione

246 2609 269 2662 4
287 2597 448 2667 subuenit
478 2598 554 2667 inde
570 2603 705 2688 propter
722 2599 881 2689 agendam
900 2598 1054 2687 praedam
1070 2602 1105 2666 et
1122 2596 1300 2666 curandam

285 2687 488 2757 obsidionem
510 2688 831 2759 diuisitexereitum.
870 2689 941 2776 ipse
963 2692 1073 2757 autem
1095 2708 1169 2756 eum
1191 2686 1299 2755 fortis·

285 2777 377 2845 simi·
394 2777 560 2866 protentus
577 2779 699 2848 multas
713 2776 908 2849 Cherronesi
925 2779 1023 2846 urbes
1041 2777 1130 2864 oepit
1147 2775 1299 2863 prodigu-

243 2865 1340 3046 .tttttttttttttllutitlttlttqtyttt⁸

284 3051 364 3112 tuno
391 3045 515 3114 stheus
545 3047 721 3150 regnabats
752 3047 807 3134 qui
839 3069 914 3114 enm
975 3047 1184 3114 'atrianorum
1212 3041 1298 3112 bello

284 3136 495 3222 pnmmstnr,
516 3133 675 3202 sumlium
694 3157 715 3202 a
732 3134 884 3223 Philippo
902 3157 961 3223 per
973 3134 1225 3221 Apollonieuses
1243 3152 1297 3217 pe·

284 3221 353 3307 tiit,
378 3221 437 3290 sed
463 3223 616 3290 eontinuo
639 3221 883 3292 Histrlanornm
909 3245 927 3292 r
968 3245 986 3290 e
1011 3227 1140 3290 mortno
1163 3226 1198 3288 et
1219 3219 1296 3287 belli

283 3313 375 3378 metu
410 3314 446 3377 et
474 3310 667 3378 auxiliorum
698 3312 892 3380 neeemitate
924 3311 948 3377 li
989 3315 1082 3378 ratus
1111 3308 1296 3397 pastionem
1310 3319 1338 3365 ¹⁵

245 3395 425 3465 assederis
456 3419 530 3466 oum
558 3397 713 3486 Philippo
744 3399 891 3466 habitam
920 3398 1079 3465 dissoluit
1124 3396 1296 3480 Philippus

284 3482 421 3552 dimissa
437 3483 606 3553 obsidione
619 3485 769 3572 Bysantii
782 3483 972 3570 Scythicum
989 3483 1112 3551 bellum
1127 3481 1207 3548 totis
1219 3479 1297 3545 uiri·

1306 3671 1394 3700 ,⁴-
