2724 3808
411 139 608 194 ADVERSW
624 138 791 194 reflexos
809 139 823 192 1
839 141 937 196 8-10.
1110 136 1154 205 23

141 290 220 353 tum
245 280 527 366 collectumque
554 279 697 382 uulgus
720 273 927 366 postquam
949 279 1075 348 uastis
1097 280 1154 349 lo·

141 372 197 439 cie
223 367 405 436 relictum
431 367 497 453 sit,
524 370 670 435 ceteris
696 389 765 454 per
791 367 974 434 lacrimas
995 373 1154 452 torpen-

141 459 244 526 tibus
257 453 433 541 Moysen,
449 476 563 522 nuum
575 455 742 543 exulum,
759 455 969 542 monuisse,
981 475 1028 522 ne
1041 475 1154 541 quam

141 547 295 614 deorum
317 543 564 610 hominumue
586 564 696 629 opem
720 545 993 629 exspectarent
1015 543 1081 610 sed
1104 543 1154 611 si·

114 633 260 701 ibimet
298 631 385 698 duci
424 630 587 698 caelesti
623 631 840 717 eraderent,
879 631 1004 717 primo
1044 631 1153 698 cuiue

65 720 296 798 ,uleuxilio
325 723 553 806 praesentes
580 719 761 788 miseriae
792 719 1047 807 pepulissent.
1090 719 1188 787 ita-e

163 833 202 878 ne
225 807 395 877 Cornelius
418 807 511 894 dicit,
541 807 627 895 quod
652 807 734 893 ipeie
756 806 934 896 Aegyptiis
960 808 1154 895 cogentibus

97 903 102 912 '
139 835 251 966 iudaei
273 894 308 964 in
326 896 455 963 deserta
494 895 620 982 repulsi
638 895 714 981 sint,
735 899 770 962 et
786 901 902 982 poetes
919 895 1089 984 subiungit
1106 895 1154 962 in·

140 991 245 1074 mute,
266 983 343 1074 quis
366 1006 428 1072 ope
446 919 553 1071 ldisyei
575 983 666 1053 ducis
688 983 725 1052 in
739 987 892 1073 Aegypto
909 983 1060 1052 miseriae
1078 1006 1154 1072 pro-

100 1095 127 1139 so
139 1075 306 1164 pnlieeent.
340 1096 440 1162 quare
463 1072 646 1143 ostenditur
662 1075 822 1161 quaedam
840 1094 924 1161 quae
941 1095 1000 1161 per
1016 1071 1153 1161 Moysen

139 1171 267 1234 strenue
290 1167 366 1232 acta
388 1166 466 1231 sunt
487 1163 588 1230 firisse
611 1163 726 1231 celata.
761 1163 842 1231 item
863 1160 1009 1230 Iustinus
1030 1161 1188 1230 adserito

139 1255 268 1341 pulsum
291 1274 393 1340 aequa
415 1274 491 1322 cnm
512 1252 635 1339 populo
647 1251 784 1340 Moysen
807 1273 901 1320 sacra
913 1252 1153 1340 Aegyptiorum

138 1343 238 1411 inisse
259 1342 413 1430 iuratum
435 1363 518 1429 quae
532 1339 716 1430 Aegyptios
735 1341 835 1408 armis
852 1340 996 1427 recipere
1014 1341 1152 1408 molien-

138 1443 199 1518 tes,
218 1434 350 1500 coactos
368 1431 620 1518 tempestatibus
637 1452 677 1498 ac
694 1430 853 1517 repulsos,
870 1429 1003 1497 domum
1020 1428 1152 1496 redisse.

100 1525 173 1588 sset
199 1519 253 1588 hic
279 1519 404 1606 uliquid
430 1519 571 1605 mplius
595 1518 657 1586 etsi
678 1540 746 1585 uon
768 1522 878 1585 totum
900 1517 1044 1603 prodidit
1065 1517 1153 1604 quod

139 1608 195 1674 ille
222 1607 349 1675 celauit
393 1611 605 1694 quapropter,
632 1607 710 1693 quie
731 1604 839 1693 Moysi
862 1626 983 1692 magno
1004 1605 1055 1672 illi
1077 1605 1187 1673 ducit

139 1695 360 1763 testimonium
382 1696 479 1762 ambo
501 1695 663 1780 dixerunt,
686 1696 728 1762 ab
750 1695 823 1782 ipso
846 1693 931 1761 ucat
950 1697 1154 1780 persumet

138 1789 231 1871 gestu
253 1789 288 1851 et
309 1782 397 1851 dicta
418 1787 497 1850 eant
517 1782 734 1868 proferantur.
788 1829 790 1834 .

63 1902 87 1942 s.
99 1890 126 1934 a
205 1869 296 1940 *oum
318 1872 475 1958 populum
493 1870 556 1938 Dei
577 1871 641 1960 hoc
663 1876 715 1938 eet
733 1891 834 1957 genus
852 1866 969 1952 Ioseph
986 1868 1187 1955 Aegyptiis

99 1979 126 2022 ss
139 1959 228 2026 cuius
251 1980 312 2044 ope
335 1959 420 2025 salui
443 1963 551 2041 erent,
573 1958 708 2025 seruitio
732 1978 923 2043 oppressum
945 1957 1058 2023 labore
1080 1977 1152 2023 cru·

138 2047 276 2130 cierent,
306 2045 440 2131 insuper
470 2045 569 2112 etiam
601 2045 642 2111 ad
674 2043 855 2112 necandam
882 2042 1030 2111 subolem
1058 2063 1152 2110 suam

138 2131 258 2200 crudeli
279 2131 326 2198 im
367 2133 417 2199 rio
439 2137 601 2218 cogerent,
622 2132 746 2198 dimitti
766 2130 855 2198 Deus
877 2131 1035 2216 populum
1056 2151 1152 2197 suum

137 2220 275 2287 liberum
353 2219 558 2288 seruiendum
576 2220 640 2287 sibi
658 2241 717 2306 per
730 2217 869 2307 Moysen
882 2218 1033 2286 nuntium
1046 2217 1151 2303 iubet,

138 2314 406 2398 contemptusque
433 2308 617 2378 durissimis
644 2313 853 2377 contumaces
875 2306 1044 2466 suppliciis
1066 2306 1187 2396 agitet

99 2417 126 2462 ee
140 2398 195 2488 qui
217 2399 327 2468 decem
350 2399 457 2490 plagis
480 2399 607 2470 onerati
629 2421 668 2467 uc
689 2397 830 2487 protriti,
851 2402 910 2466 tau
932 2420 984 2466 em
1003 2418 1084 2486 qnos
1102 2395 1151 2465 di·
1254 2419 1256 2426 ’

138 2490 268 2557 mittere
298 2489 486 2577 uoluerant,
518 2489 618 2558 etiam
647 2489 804 2557 festinare
830 2492 1016 2578 coegerunt
1060 2505 1150 2556 ross
1170 2497 1205 2550 ro

138 2601 239 2733 fflm
267 2578 305 2646 in
333 2579 528 2668 sanguinem
555 2600 668 2646 uersos
694 2576 885 2646 ardentibus
914 2577 970 2646 siti
997 2576 1151 2664 grauiore

180 2665 321 2735 terentes
342 2689 521 2754 poenarum
539 2667 683 2735 remedia
701 2689 799 2754 quem
816 2686 950 2752 poenae,
972 2681 1059 2734 roei·
1076 2665 1151 2732 hor

137 2754 223 2822 ridos
249 2777 402 2823 senarum
430 2757 597 2842 squalores
624 2777 683 2842 per
705 2755 816 2822 omnia
837 2752 959 2821 munda
979 2753 1150 2820 mmunda·

97 2843 1151 3021 irene
1167 2942 1199 2993 ,1

137 3019 291 3090 interiora
330 3022 551 3091 membrorum
578 3021 730 3091 ‘horridis
770 3021 914 3090 motibus
954 3019 1150 3088 cursitantes

137 3110 313 3198 acerbeque
338 3111 515 3183 inistentes
541 3117 611 3179 tam
636 3111 752 3200 grauia
774 3114 938 3179 tormento
960 3131 1059 3198 quem
1081 3112 1150 3178 tnr-

136 3197 201 3285 pie,
220 3216 308 3269 noer
325 3203 469 3269 omnium
487 3221 641 3288 pecorum
658 3204 694 3267 et
710 3201 929 3267 iumentorum
945 3199 1149 3284 repentinam

96 3287 265 3353 aruinam
300 3293 510 3384 etrsgemque
546 3287 746 3375 generalem,
780 3303 869 3356 eosr
900 3285 1026 3355 cuim
1058 3285 1149 3353 elisr-
1220 3361 1224 3370 ,

135 3373 1149 3554 recreemec
1250 3495 1294 3511 ..
