2800 3790
44 835 121 886 suu
458 815 618 892 PAVLI
646 815 821 893 OROSII

204 957 538 1038 HISTORIARVM
565 957 830 1037 ADVERSVM
855 957 1080 1037 PAGANOS

477 1121 601 1185 LIBER
622 1121 805 1184 TERTIVS.

200 1256 247 1328 Et
273 1259 438 1348 superiore
464 1260 531 1327 iem
557 1259 645 1328 libro
672 1261 874 1328 contestatus
901 1279 975 1326 suus
1002 1263 1036 1328 et
1061 1280 1158 1327 nunc

133 1351 317 1419 recesseris
336 1354 449 1437 repeto
468 1348 646 1418 secundum
663 1351 871 1436 praeceptum
888 1351 982 1416 tuum
1000 1348 1040 1417 de
1058 1354 1149 1417 oute·

133 1439 214 1506 sctis
254 1439 551 1507 conflictationibus
587 1439 722 1506 soeculi:
762 1459 823 1504 noc
856 1437 970 1504 omnic
999 1459 1060 1506 nec
1090 1459 1149 1526 por

134 1527 244 1636 omnio
270 1549 366 1618 posse
389 1548 472 1618 quse
495 1531 588 1617 gesto
610 1532 645 1596 et
666 1526 751 1596 sicut
768 1528 863 1633 geste
884 1530 963 1596 sunt
984 1525 1149 1616 explicari,

106 1635 120 1681 t
134 1641 289 1708 quonum
307 1640 430 1710 mogus
447 1621 546 1708 utque
563 1618 734 1688 nnumera
751 1615 975 1706 copiosissime
993 1621 1028 1687 et
1043 1640 1064 1686 s
1077 1616 1148 1708 piu·
1299 1689 1301 1694 ,

134 1709 227 1778 rimie
250 1710 374 1798 scripto
395 1713 487 1797 sunt,
512 1709 688 1797 scriptores
710 1712 820 1778 sutem
844 1708 906 1777 etsi
927 1730 995 1777 non
1017 1708 1148 1778 essdsnr

133 1798 1184 1974 tm‘titutttfflmhdttstdtit'eqttt.

132 1981 222 2044 tores
245 1998 284 2045 er
306 1977 370 2045 hcc
391 1977 465 2064 ipso
487 1976 528 2043 ds
550 1999 614 2064 quo
636 1997 755 2064 queror
777 1975 979 2045 abundantio
996 1975 1149 2066 angustis

93 2083 120 2126 ιο
133 2066 237 2134 oritur
263 2065 344 2134 mihi
372 2070 407 2135 et
432 2065 597 2136 concludit
623 2088 676 2134 rus
703 2064 889 2134 sollicitudo
911 2065 1076 2135 nodosior.
1120 2065 1149 2136 ei
1218 2129 1222 2136 .

133 2157 221 2222 enim
248 2156 358 2243 sliquo
381 2155 490 2223 studio
511 2155 683 2224 breuitstis
707 2154 838 2242 omitto,
866 2155 1070 2241 putsbuntur
1090 2160 1150 2223 sut

43 2267 67 2312 s·
79 2259 120 2304 uc
132 2243 214 2311 mihi
232 2264 318 2311 nunc
335 2241 486 2312 delinisse
504 2247 563 2310 sut
580 2243 615 2311 iu
627 2243 685 2312 illo
698 2247 778 2311 tunc
791 2247 937 2330 tempore
950 2265 1019 2312 non
1032 2242 1148 2330 fnium

133 2333 161 2399 ei
184 2354 262 2401 uero
286 2331 470 2420 significare
494 2336 609 2401 cuncto
631 2353 690 2400 neo
712 2332 892 2418 exprimere
915 2332 1050 2401 studens
1073 2353 1149 2401 con·

85 2425 88 2432 '
132 2421 290 2509 pendioso
306 2421 468 2490 breuitate
486 2421 651 2508 succingo,
669 2420 808 2489 obscure
821 2419 939 2488 iscium
953 2426 987 2490 et
999 2421 1048 2490 ito
1060 2420 1148 2508 opud
1171 2431 1173 2436 '

93 2526 120 2572 u
132 2509 305 2598 plerosquo
328 2513 426 2577 crunt
443 2509 540 2596 dioto,
562 2515 600 2577 nt
616 2530 676 2577 nec
694 2509 782 2576 dicte
798 2509 983 2577 uideantur:
1006 2510 1147 2578 maxims
1164 2519 1184 2573 ι

132 2620 206 2666 cum
229 2598 434 2668 e'contrsrio
455 2619 517 2668 nos
538 2597 608 2665 nim
631 2618 836 2686 rorumpuon
858 2597 1036 2687 iuncginern
1059 2619 1146 2666 conr·

131 2685 286 2756 mendene
318 2707 480 2774 curemus3
511 2686 657 2754 bronitss
687 2689 797 2755 sutem
830 2689 927 2774 utque
955 2686 1147 2774 obscuritos,

131 2775 233 2846 immo
250 2783 290 2844 ut
308 2783 359 2846 set
376 2797 505 2864 sempor
524 2777 663 2844 obscuro
680 2773 834 2860 brcuitns,
852 2776 916 2844 etsi
929 2775 1146 2864 cognoscendi

131 2865 309 2954 imsginenr
331 2865 484 2952 proetert,
506 2863 614 2932 cufcrt
632 2869 744 2932 tsnnen
760 2864 973 2952 intellegendi
990 2865 1147 2953 uigorem.

91 2967 119 3013 oo
132 2951 189 3020 sed
212 2971 274 3042 ego
297 2975 370 3022 cnm
393 2956 567 3043 unumque
587 2951 758 3021 uitandum
777 2951 887 3040 scions,
909 2955 1083 3042 utrumqus
1098 2952 1147 3019 fs·

130 3043 215 3114 ciem
233 3046 272 3114 ut
288 3063 491 3136 quocumque
507 3042 605 3115 modo
623 3043 781 3114 ulterutrc
794 3045 1017 3133 temperentur
1043 3041 1147 3114 since

130 3135 235 3203 mults
260 3135 492 3222 praetermisso
515 3157 580 3204 neo
602 3135 743 3203 multum
767 3133 944 3204 constricto
965 3095 1146 3203 uidentur.

41 3247 65 3289 s·
77 3240 118 3284 uc
198 3222 305 3292 tdnno
324 3225 367 3292 sb
379 3224 460 3292 urbs
473 3223 606 3293 condito
618 3239 797 3312 ooonxmr,
814 3245 912 3312 quem
924 3243 1047 3291 smum
1061 3223 1146 3292 sicut
1160 3227 1180 3286 1

130 3312 360 3399 &onesimum
381 3315 518 3400 propter
538 3313 689 3402 ignetur
711 3310 775 3380 sibi
797 3312 1022 3400 captiuitetenr
1039 3309 1146 3379 Romo

89 3399 293 3485 “persensit
327 3401 376 3467 itu
411 3401 622 3488 magnifieum
659 3404 793 3488 propter
827 3399 995 3470 insolitum
1030 3420 1145 3488 pooom

130 3485 268 3554 Graecis
289 3485 419 3575 hebuit,
445 3509 485 3556 co
507 3488 670 3576 siquidem.
689 3493 853 3578 tempore,
880 3510 944 3577 quo
967 3488 1057 3558 Gelli
1079 3486 1145 3559 Ro·
