2714 3788
274 81 470 136 somesvu
488 79 653 136 eremos
671 80 725 134 vn
744 85 858 138 ιι-ιι.
1007 77 1088 171 255,

63 253 95 296 m
174 226 309 293 erebus
332 224 445 329 gestis,
468 223 648 293 Seleuciam
667 225 822 312 Assyriae
839 225 954 294 urbem
977 247 1075 312 anper

64 249 241 404 Hiimpen
270 314 405 382 fluuium
435 315 532 381 sitam
562 336 637 382 cum
666 314 912 402 quadringentis
944 314 1075 381 milibus

64 405 229 473 hominnm
262 403 349 490 cepit
380 409 414 470 et
445 423 518 470 enm
551 403 652 470 frome
684 404 723 470 de
754 403 893 471 uictoria
925 402 1076 471 Parthica

63 490 291 577 triumphante
319 512 357 557 sc
382 512 450 558 non
478 489 584 557 multo
606 494 695 577 pust,
722 491 799 557 dum
823 513 896 557 cum
919 492 1019 558 tratre
1041 491 1077 556 in

38 580 212 648 suehisulo
241 580 343 664 sedet,
371 600 448 646 casn
476 578 596 665 morbi,
624 601 720 666 quem
744 579 936 666 apoplexian
959 576 1077 646 Graeci

64 675 196 755 uocant,
219 667 394 736 suffocatus
417 667 551 735 interiit

129 757 179 825 no
207 756 359 824 defuncto
387 755 516 823 Marcus
544 756 732 823 Antoninus
762 755 853 823 solua
881 755 1113 842 reipublicset
1254 749 1258 760 '

63 844 212 934 praefuit.
258 843 315 912 aed
343 845 380 911 in
409 845 523 912 diebus
555 844 697 912 Parthici
727 844 807 911 belli
835 843 1077 930 persecutiones

64 935 323 1003 Christianorum
345 938 463 1022 quarta
486 933 553 1002 iam
576 937 654 1021 pest
670 931 835 1001 Neronem
853 933 924 1000 nice
942 933 977 999 in
996 932 1077 1000 Asia

25 1042 51 1086 ιι
63 1030 95 1092 et
111 1024 146 1091 in
164 1021 273 1091 Gallia
290 1044 407 1112 greces
425 1028 597 1112 praecepto
617 1022 685 1090 eius
703 1023 900 1091 exstiterunt
917 1022 1076 1110 multique
1172 1038 1185 1055 ’

64 1117 249 1182 sanctornm
281 1113 439 1199 martyrio
472 1111 621 1180 coronati
653 1119 737 1180 sunt
783 1116 894 1180 secuta
921 1116 973 1179 est
1003 1113 1108 1178 lueet

19 1203 220 1290 sptuennis
242 1201 350 1270 inlusa
371 1201 557 1287 prouinciis,
579 1206 747 1287 totamque
768 1200 899 1268 ltaliam
921 1201 1073 1288 pestilen-

63 1292 110 1358 tia
131 1296 226 1358 tanta
244 1289 396 1376 uastauit,
419 1293 457 1357 ut
473 1289 598 1376 passim
616 1291 724 1376 uillae,
747 1291 819 1379 egri
836 1294 934 1377 atque
953 1288 1073 1376 oppida

63 1380 133 1447 sins
156 1380 278 1447 cultore
302 1384 399 1465 atque
421 1378 606 1445 habitatore
628 1379 757 1447 deserta
778 1381 814 1445 iu
832 1379 943 1446 ruinas
961 1378 1074 1445 siluas·

26 1485 50 1527 ιι
64 1490 124 1557 que
138 1469 366 1542 concesserint
394 1468 571 1536 exercitum
585 1487 663 1534 uero
678 1466 860 1535 Romanmn
880 1470 1078 1555 cunctosque
1095 1482 1114 1531 e
1246 1469 1256 1490 ’·
1336 1433 1337 1496 l

63 1559 206 1647 legiones
229 1578 287 1645 per
304 1556 418 1645 longin
442 1578 485 1624 ua
501 1558 569 1625 late
587 1556 724 1624 hiberna
741 1556 918 1644 dispositas
936 1556 984 1624 ita
1000 1578 1078 1624 con·

64 1653 210 1753 sumptas
233 1647 351 1734 lerunt,
374 1580 726 1752 utilarccmannicum
744 1647 876 1752 bellum,
899 1645 1078 1752 qnoclncon·

20 1745 163 1911 stlte
187 1743 336 1892 {elle
357 1737 1080 1911 rtlcbtplt‘otlttllttlllll:

30 1915 200 1980 ”turrinus
224 1913 354 2016 babuit,
380 1917 509 2016 gestum
532 1913 632 2015 luisse
647 1913 822 2015 referatur.
866 1911 929 1978 hoc
950 1912 1079 1999 quidem
1098 1925 1116 1976 t

68 1999 508 2192 lillmsfpg‘lliill‘il
521 1999 1081 2192 „ltttzt‘ttttttleli

69 2175 1118 2367 :il⁰3:3¹ttlffltttgltltliltltlttt2

32 2367 58 2410 ¹⁶
71 2352 278 2420 multitudine
300 2353 564 2438 innumerabiles,
585 2353 647 2420 boe
665 2357 716 2420 est
734 2353 958 2420 Marcomanni
976 2350 1081 2429 Quadi

70 2439 208 2509 Vandali
228 2439 396 2510 Sarmatae
414 2440 514 2510 Suebi
536 2447 632 2529 atque
652 2442 758 2510 omnia
777 2463 879 2529 paene
898 2440 1081 2527 Germania,

71 2535 105 2597 ct
126 2531 160 2597 iu
184 2529 371 2608 Quedorum
398 2551 500 2617 neque
522 2531 604 2598 lines
627 2552 817 2619 progressus
840 2529 999 2598 exercitus
1021 2529 1081 2598 cir·

71 2626 322 2708 cumuentusque
345 2620 389 2687 ab
411 2618 559 2686 hostibus
583 2625 716 2707 propter
738 2640 895 2706 aquarum
913 2619 1082 2705 penuriam

71 2709 272 2794 praesentius
295 2709 368 2777 sitia
391 2730 490 2795 quam
511 2708 617 2776 bostis
635 2708 812 2795 periculum
832 2706 1017 2775 sustineret:
1040 2706 1118 2775 eta

33 2797 312 2865 ”inuocationem
342 2797 485 2864 nominis
518 2793 657 2878 Christi,
693 2819 791 2885 qnam
823 2796 931 2865 subito
963 2817 1083 2884 magna

70 2883 145 2952 fidei
167 2885 354 2953 constantia
376 2884 509 2972 quidam
531 2884 651 2952 milites
675 2884 767 2952 effusi
791 2885 825 2951 in
843 2905 955 2972 preces
973 2885 1082 2972 palem

70 2973 229 3076 fecerunt,
260 2979 355 3042 tanta
386 2974 437 3042 uis
470 2971 601 3060 pluniae
630 2974 734 3042 effusa
759 2978 822 3059 est,
854 2978 891 3041 ut
916 2972 1083 3041 Romanos

71 3062 199 3148 quedem
222 3063 404 3150 largissime
428 3083 466 3130 sc
494 3062 563 3130 aine
590 3061 711 3130 iniuria
736 3061 898 3149 refecerit,
926 3062 1081 3130 barbaros

72 3154 180 3216 autem
199 3151 320 3219 crebris
336 3150 511 3218 fulminum
530 3151 649 3219 ictibus
667 3151 869 3238 perterritos,
891 3152 1079 3237 praesertim

32 3251 143 3305 “cnm
166 3238 300 3324 plurimi
327 3261 440 3308 eorum
468 3238 702 3324 occiderentur,
729 3239 764 3306 in
790 3239 905 3329 lugam
931 3239 1084 3328 coegerit

72 3344 207 3473 gnosum
236 3332 329 3429 terga
358 3328 500 3396 Romani
528 3350 631 3416 usqne
660 3329 702 3396 ad
730 3328 982 3396 internecionem
1012 3349 1082 3396 cae·
1101 3326 1138 3378 ¹⁰
1277 3377 1280 3386 .

92 3415 182 3477 entes
219 3415 487 3499 gloriosissimam
523 3415 694 3483 uictoriam
726 3422 760 3484 et
796 3417 944 3484 omnibns
979 3436 1081 3503 paene
