2826 3784
393 81 589 136 snvnnsvrr
606 80 771 136 rseauos
790 81 814 134 v
833 84 875 137 ss.
896 83 938 136 ss.
1120 77 1184 143 161
1268 101 1271 106 ·

175 249 236 294 uua
259 225 416 312 heresque
432 225 520 292 inter
535 224 700 292 naturales
717 225 786 292 eius
804 222 1023 308 timefactus,
1045 221 1186 309 primum

175 313 347 384 coheredes
375 335 466 400 snos,
492 312 527 380 id
548 317 599 380 est
620 311 844 398 Hiempsalem
865 311 997 397 occidit,
1019 309 1187 378 Adherba-

174 403 241 470 lem
266 402 352 470 bello
382 402 503 470 uictum
524 401 637 468 Africa
659 401 792 487 expulit
836 398 1047 486 Calpurnium
1074 398 1224 466 deindes

176 490 531 561 consulemadnersum
551 489 739 559 semiesum
761 488 899 578 pecunia
921 487 1067 577 corrupit
1089 491 1188 576 atque

150 581 219 652 sad
248 581 455 672 turpissimas
484 580 690 652 condiciones
713 580 804 670 pacis
833 579 976 650 adduxit
1021 582 1223 668 praetereat

177 697 253 744 cum
275 671 414 742 &nram
436 673 508 761 ipse
531 673 687 758 uenisset,
709 671 859 742 omnibus
882 671 1020 760 pecnnia
1040 676 1099 739 ant
1120 693 1191 740 cor·

178 763 284 848 ruptis
307 767 367 828 ant
388 762 597 847 adtemptatis
619 761 795 828 seditiones
818 761 1102 847 dissensionesque
1119 781 1191 845 per·

178 848 322 935 miscuit3
353 871 451 936 quam
480 870 553 917 cnm
582 849 787 935 egrederetur
814 849 929 915 infami
956 847 1037 915 satis
1063 847 1193 914 notauit

179 935 288 1025 elogio
310 937 433 1006 dicens:
461 958 481 1006 o
504 937 636 1005 urbem
657 937 834 1005 uenalem
857 940 895 1004 et
916 938 1065 1004 mature
1087 936 1191 1022 peri·

140 1030 320 1112 saturam,
342 1025 375 1093 si
398 1031 610 1114 emptorem
631 1026 840 1094 inuenerit!

246 1113 433 1202 Insequenti
457 1136 545 1183 anno
566 1113 607 1182 A
630 1114 845 1200 Postumium,
867 1113 1028 1182 Postumii
1051 1113 1228 1181 oonsulis⁸
1308 1119 1314 1129 '

179 1200 325 1288 fratrem,
346 1224 444 1289 quem
461 1203 490 1269 is
509 1201 593 1289 quad
657 1203 725 1269 'nta
741 1203 867 1270 milium
884 1207 1084 1270 armatorum
1105 1223 1195 1270 exer·

180 1289 261 1357 citui
278 1290 496 1377 praefecerat,
522 1291 609 1376 apud
658 1290 800 1358 alamam
822 1291 938 1358 urbem
960 1289 1121 1358 thesauris
1146 1311 1194 1358 re·

91 1405 113 1446 s
127 1396 168 1440 sar
184 1375 255 1466 *giis
285 1379 423 1446 conditis
452 1377 633 1446 inhiantem
663 1379 751 1446 bello
780 1379 944 1467 oppressit
970 1380 1076 1467 adque
1105 1379 1193 1447 uicto

142 1487 169 1528 rs
180 1467 530 1554 ignominiosissimum
562 1467 677 1534 foedus
710 1469 827 1554 exegit
871 1468 1059 1534 uniuersam
1089 1488 1194 1553 paene

180 1554 327 1622 Africam
362 1576 383 1621 a
413 1555 571 1623 Romanis
607 1555 808 1622 deiicientem
844 1576 945 1644 regno
982 1576 1043 1623 sno
1078 1555 1194 1623 iunxit.

181 1647 297 1730 postea
313 1647 424 1711 tamen
440 1642 565 1713 Metelli
587 1643 732 1713 consulis
755 1645 944 1734 integritate
967 1648 1001 1712 et
1023 1643 1229 1731 disciplinas

181 1733 349 1818 coercitus,
372 1733 498 1801 dnobus
517 1734 617 1800 etiam
634 1733 768 1819 proeliis
790 1735 897 1802 nictus
919 1733 1004 1800 uidit
1024 1737 1195 1820 praesente

185 1843 220 1888 se
247 1824 281 1888 et
306 1821 430 1888 uastari
453 1819 643 1888 Numidiam
671 1843 763 1889 suam
790 1827 824 1889 et
846 1843 912 1889 non
934 1842 1032 1908 posse
1053 1821 1196 1889 defendi:

144 1928 207 1977 ssa
229 1931 293 1997 qno
317 1909 359 1976 ad
382 1909 580 1978 deditionem
605 1916 739 1980 coactus
761 1913 923 1980 trecentos
946 1909 1074 1979 obsides
1097 1909 1196 1997 dedit,

51 2055 55 2066 .
182 1999 381 2066 frumentum
408 2004 507 2086 atque
534 1999 616 2067 alios
638 2004 837 2069 commeatus
861 2001 1101 2087 persoluturum
1124 2020 1195 2068 sese

183 2087 376 2175 spopondit,
410 2087 478 2154 tria
512 2089 603 2155 milia
634 2088 776 2174 amplius
807 2089 1018 2176 perfugarum
1048 2088 1197 2157 reddidit

184 2177 269 2242 exim
298 2197 372 2243 cnm
401 2175 544 2244 incertus
573 2177 609 2242 in
637 2197 715 2263 pace
743 2177 910 2263 improbos
939 2200 1006 2245 non
1032 2175 1231 2246 cohiberst⁸

185 2286 349 2352 excursus,
372 2263 407 2333 0.
430 2263 528 2332 Marii
549 2265 693 2332 consulis
714 2286 783 2334 non
805 2267 930 2335 minore
952 2288 1069 2354 paene,
1098 2287 1197 2353 quam

142 2368 171 2413 ss
183 2353 254 2439 ipse
272 2353 438 2439 praeditus
457 2357 537 2438 erat,
554 2353 678 2421 astutia
691 2353 912 2443 Romanisque
930 2355 1055 2424 uiribus
1072 2353 1197 2422 fractus

182 2440 1197 2620 {tttimetis:rfflmtutb‘rgtttztuttt

792 2580 803 2617 1

182 2615 454 2686 confertissimam
486 2618 563 2687 dolo
594 2619 807 2687 circumuenit
838 2625 872 2686 et
902 2620 997 2707 cepit.
1046 2619 1232 2689 diffidente

181 2706 298 2775 deinde
324 2707 466 2794 propriis
494 2707 591 2776 rebus
618 2712 652 2775 et
678 2705 803 2776 uiribus
825 2707 986 2796 Iugurtha
1007 2708 1198 2777 societatem

73 2851 79 2859 .
141 2810 256 2864 noum
280 2795 409 2863 Boccho
436 2795 624 2864 Maurorum
649 2816 727 2883 rege
754 2796 846 2883 fecit,
873 2797 963 2865 cuius
990 2797 1137 2884 equitatu
1163 2799 1198 2865 in

181 2884 375 2952 immensum
392 2889 506 2953 auctus
523 2884 707 2953 Marianum
729 2884 903 2954 exercitum
926 2885 1130 2972 creberrimis
1147 2885 1196 2958 in·

182 2973 385 3042 cursionibus
413 2972 574 3062 fatiganit.
618 2977 784 3060 postremo
807 2974 894 3062 apud
915 2973 1054 3061 Cirtam,
1079 2976 1195 3044 urbem
1215 2985 1250 3038 to

183 3061 366 3166 antiquam,
387 3061 580 3166 Masinissae
602 3062 737 3148 regiam,
758 3061 942 3167 adspersum·
954 3061 1124 3168 itomanos·
1142 3085 1195 3130 ex·
1272 3063 1274 3068 ’

143 3151 1197 3342 ωςιῗωᾚζῖοῗωῗέιρᾚῗυίἑᾝῖοᾚέᾙᾞ
1217 3260 1249 3313 m

95 3340 171 3392 sess
184 3325 377 3393 multnosror
399 3347 510 3414 pagna
531 3331 566 3395 et
587 3327 764 3397 terribilior
790 3324 869 3415 ¹init,
890 3327 970 3398 adeo
992 3331 1031 3398 ut
1052 3328 1199 3399 discursu

183 3417 219 3481 et
244 3413 375 3482 fremitu
402 3413 723 3486 circumcursantium
742 3420 784 3486 et
804 3416 1031 3505 impetentium
1054 3419 1200 3508 equitnm
1314 3483 1318 3498 ,

235 3526 340 3572 oscam
354 3539 394 3572 aa.
408 3529 604 3574 darsumas.
1004 3527 1036 3579 11
