2820 3778
278 121 345 189 130
519 126 629 180 mvn
648 126 770 180 030811
787 126 1036 180 mmmm

274 269 386 334 turato
408 267 550 336 adumtu
572 267 773 336 descendisse
794 267 861 334 iam
879 289 919 334 ex
936 266 1075 353 Alpibus
1097 269 1284 336 oonsulibus

232 371 234 376 '
274 355 420 442 proditus
437 355 563 443 fuisset,
579 357 623 424 ab
641 357 784 425 exerdtu
802 355 950 424 Romuno
968 357 1141 444 ignorante
1159 354 1283 424 Hanni·

274 445 347 511 bale
371 443 577 531 praelueutue
603 467 678 513 eum
707 443 798 512 omni
826 445 969 512 exercitu
998 465 1058 512 suo
1088 443 1278 512 interiectus
1293 474 1316 515 e
1330 461 1374 519 Ν.

222 539 259 592 ¹⁰
276 536 336 600 eet
369 533 426 600 diu
444 533 573 621 quidem
594 535 737 601 insertus
759 532 838 600 belli
859 536 996 600 euentus
1017 533 1082 601 fuit
1103 532 1285 618 elephantis

274 621 416 689 maxime
433 621 613 690 Romanam
632 621 862 690 infestantibus
879 621 995 689 aoiem
1013 621 1069 709 qui
1087 644 1108 688 a
1124 621 1311 690 militibuss

219 717 255 769 ¹¹
274 708 449 816 Romanis!
465 732 558 816 ‘quos
586 735 608 778 a
635 710 801 780 uolitendo
829 710 945 779 uelites
973 715 1097 780 uocant
1125 747 1168 761 -
1197 711 1284 866 ‹iuod

272 819 376 886 genus
404 800 540 868 mrlrtrue
568 800 667 886 paulo
697 804 772 867 aute
800 806 964 886 repertum
994 801 1114 886 iuerat,
1141 805 1180 867 ut
1221 806 1283 868 eutr

271 887 422 973 agilitate
448 887 689 956 iuuenes.eum·
711 889 811 955 armis
834 889 902 955 suis
925 892 1002 974 post
1023 894 1116 975 mega
1137 889 1283 975 equitum

270 973 419 1042 eedment
440 978 475 1041 et
495 995 582 1059 mox,
602 997 676 1044 oum
699 976 740 1043 ad
762 975 893 1043 hostem
915 980 1048 1043 uentum
1072 979 1167 1060 esset,
1188 977 1281 1062 equis

268 1059 439 1128 desilirent
459 1066 493 1130 et
514 1063 669 1130 eontinuo
691 1063 817 1148 pedites
840 1063 915 1149 ipsi,
937 1085 978 1130 ex
996 1063 1063 1130 elie
1079 1067 1173 1149 parto
1191 1065 1279 1149 squi-
1294 1084 1321 1126 re

62 1205 67 1222 .
268 1147 356 1216 tibus
378 1171 436 1236 per
463 1171 544 1238 quos
572 1148 700 1217 edueati
725 1150 856 1218 inerant
881 1149 1124 1237 dimicantibus,
1150 1150 1280 1218 hostem

61 1318 65 1332 ⁴
212 1243 250 1296 ΙΙ
266 1239 498 1320 proturbarent
516 1270 557 1288 -
576 1238 619 1305 ab
636 1237 690 1306 his
712 1259 791 1326 ergo
813 1237 967 1307 uelitibus
989 1237 1154 1325 elephanti
1175 1243 1279 1306 retro·

267 1324 428 1392 aeduum
448 1325 520 1413 regi
540 1325 608 1393 ium
629 1347 650 1392 a
672 1326 740 1394 suis
760 1347 829 1393 uon
850 1330 994 1413 possent,
1016 1327 1126 1393 fabrili
1149 1328 1217 1393 seul
1241 1349 1278 1395 ro

265 1411 353 1478 inter
378 1433 472 1481 aures
499 1413 615 1482 adaoto
641 1414 850 1482 necabuntur.
894 1413 929 1481 id
981 1435 1060 1481 enus
1083 1350 1275 1482 occidendae

264 1521 338 1568 eum
365 1523 448 1588 opus
473 1505 561 1570 esset
585 1501 701 1571 beluae
728 1501 813 1570 idem
842 1502 908 1570 dux
1005 1501 1120 1570 drubal
1149 1503 1273 1588 primus
1288 1520 1315 1565 ra

58 1571 64 1647 i
210 1607 246 1658 aa
264 1587 442 1658 insonaret.
481 1590 545 1658 init
564 1590 628 1659 boo
649 1591 775 1677 proelio
799 1591 918 1658 Poenis
940 1590 1124 1658 Metaurum
1146 1591 1277 1676 flumen,

265 1676 322 1744 ubi
338 1676 526 1746 Hasdrubal
548 1683 599 1747 est
619 1679 735 1765 uiotus,
757 1679 851 1785 qnasi
869 1677 1111 1746 Trasumennus
1134 1678 1225 1746 lanus
1243 1684 1278 1746 et

57 1794 62 1832 :
209 1784 247 1837 u
264 1763 390 1835 Gerena
409 1765 523 1836 Pieeni
545 1767 662 1836 eiuitas
684 1771 723 1835 nt
744 1789 835 1835 moue
857 1768 913 1834 ille
932 1765 1129 1834 'Cannensis
1151 1789 1229 1834 nam
1252 1785 1275 1834 1.

263 1858 299 1922 a
319 1873 383 1923 vm
404 1856 497 1924 mora
521 1855 728 1924 usnemu
750 1854 967 1924 numism
990 1854 1035 1923 ui
1059 1817 1168 1923 suisa
1190 1860 1275 1942 sunt,

261 1950 360 2036 oapta
374 1951 452 2018 suut
463 1947 491 2021 V
503 1961 604 2039 00003
625 1947 681 2020 ᾗῇ
695 1949 803 2017 autem
818 1945 938 2017 ciuium
952 1944 1176 2015 Romanorum
1189 1945 1276 2014 inter
1289 1963 1317 2008 se

261 2059 319 2106 eus
332 2043 462 2128 reperta
473 2044 570 2127 atque
583 2044 736 2108 reuooata
745 2043 833 2108 sunt:
849 2037 935 2127 quod
943 2037 1122 2106 uiatoribus
1132 2036 1274 2106 oonsuli-

57 2145 61 2159 ·
163 2139 168 2148 '
261 2126 324 2194 bue
346 2128 468 2196 eolasio
490 2128 562 2195 init
605 2150 684 2195 nam
706 2126 748 2196 et
770 2129 812 2195 ab
834 2127 975 2196 exmeitu
998 2149 1111 2195 eorum
1133 2129 1200 2199 i'ffi
1221 2150 1272 2195 oe-
1290 2157 1313 2198 a
1327 2147 1368 2192 ees

56 2231 61 2255 ⁸
209 2232 246 2286 le
263 2213 418 2285 uiderunt
453 2215 631 2284 Hannibali
648 2219 747 2302 eaput
763 2215 876 2283 fratris
895 2215 946 2283 sui
964 2213 1180 2282 Hasdrubalis
1198 2220 1274 2284 ante

73 2333 76 2339 λ
259 2307 368 2402 metra
387 2304 569 2393 proiectum
591 2308 649 2375 est
686 2326 751 2392 quo
772 2304 844 2373 niso
867 2307 902 2372 et
922 2301 1020 2372 a'mul
1044 2302 1133 2372 elude
1150 2304 1274 2374 Poeno·

55 2391 59 2406 '
127 2418 132 2428 ·
259 2411 333 2461 rum
363 2394 509 2483 eognita,
540 2415 628 2462 auno
659 2395 757 2462 tertio
787 2393 912 2462 decimo
945 2414 1043 2479 quam
1075 2393 1111 2461 in
1141 2393 1313 2462 ltaliamrs

56 2482 60 2494 '
205 2499 243 2553 aa
259 2486 395 2550 omme
414 2482 537 2571 ningit
556 2483 593 2550 in
613 2480 771 2549 Bruttios.
805 2485 882 2568 post
902 2481 983 2549 haee
1005 2502 1093 2549 anuo
1116 2483 1272 2552 oontinuo

54 2565 57 2578 “
259 2569 347 2638 inter
366 2569 587 2638 Hannibalem
609 2573 644 2638 et
664 2569 829 2638 Romanos
848 2570 939 2657 quies
962 2590 983 2636 a
1005 2570 1147 2638 tumultu
1169 2570 1273 2638 bello·

258 2679 332 2725 rum
353 2657 574 2727 interaessisee
595 2657 668 2726 uisa
690 2662 751 2743 est,
772 2657 849 2746 quia
870 2657 1059 2744 inquietudo
1083 2658 1271 2726 morborum

258 2745 294 2812 iu
314 2745 433 2814 nutris
454 2751 527 2815 erat
548 2751 582 2814 et
602 2746 798 2851 grauissima
823 2746 1011 2850 pestilentia
1032 2746 1160 2832 utrique
1181 2767 1270 2814 exer·

201 2845 241 2900 at
257 2835 342 2903 situs
368 2835 559 2923 agebantur.
601 2838 727 2903 interea
752 2833 862 2923 Saipro
888 2833 1041 2902 uniuersa
1062 2832 1224 2922 Hispania
1250 2851 1311 2903 aee

257 2923 428 3010 Pyrenaeo
455 2945 559 3012 usque
589 2926 631 2993 ad
654 2922 819 2994 Ooeanum
847 2924 884 2992 in
905 2922 1107 3010 prouinciam
1137 2924 1270 2992 mdaeta

256 3011 396 3080 Romam
420 3014 525 3101 uenit,
550 3013 666 3082 oonaul
693 3034 767 3081 oum
788 3012 914 3080 Idoinio
938 3009 1056 3079 Crasso
1084 3017 1211 3080 oreatus
1234 3012 1270 3082 iu

255 3099 402 3170 Atridam
424 3101 566 3187 transiit,
586 3100 783 3170 Hannonem
799 3099 997 3169 Hamiluaris
1018 3099 1133 3187 filium,
1155 3100 1269 3170 dueum

254 3189 448 3278 Poenorum,
470 3190 643 3277 mteriedt,
661 3191 837 3259 metatum
854 3189 925 3258 eius
942 3188 1061 3276 partim
1079 3188 1177 3258 oaeda
1193 3204 1269 3278 par-

254 3278 317 3349 uin
338 3279 527 3367 eaph'uitate
549 3278 754 3386 disperdidite
775 3299 852 3346 nam
869 3275 1018 3345 undeoim
1035 3277 1127 3346 milia
1143 3277 1267 3347 Poeno·
1280 3295 1308 3339 ὓ

50 3359 53 3437 ἶ
200 3378 241 3435 1⁸
257 3389 332 3436 rum
343 3388 384 3437 eo
395 3367 521 3457 proelio
538 3367 666 3438 oeudit
701 3365 913 3454 Sempronius
925 3365 1039 3434 oonsul
1052 3387 1127 3436 oum
1139 3365 1266 3436 Hauni-

254 3455 331 3525 bale
351 3441 547 3546 mnprmus
569 3459 604 3524 et
624 3457 731 3526 uietus
757 3455 897 3524 Romam
918 3454 1048 3543 refugit
1092 3455 1203 3541 Seipio
1230 3456 1267 3523 in
