2714 3788
302 63 499 118 novum
516 63 681 118 essenos
698 65 753 118 vn
769 68 814 120 rc
1001 63 1066 131 269

54 206 103 273 ite
124 206 191 274 ium
209 207 305 296 qussi
323 228 389 275 uon
407 211 519 275 essent
534 208 748 313 quiescerent,
765 210 936 296 repentino
954 230 1065 277 ornnes

54 296 162 363 colore
185 295 341 383 permoti,
363 296 399 363 in
421 295 524 382 ipsos,
545 300 633 364 mter
655 319 738 385 quos
760 304 868 384 erent,
896 301 967 365 toto
990 298 1067 366 orbe

54 385 253 470 seeuisrunt,
285 383 409 473 ubsque
435 385 566 474 mugnis
594 386 771 454 multarum
799 386 927 455 urbium
955 386 1067 472 ruinis,

57 494 138 578 ,ψ’
150 473 256 542 crebri
269 477 376 540 terres
394 477 504 540 motus
522 473 625 540 isdem
643 475 844 578 temporibus
861 474 1066 542 subruerunt

26 567 311 738 ‘duffii
349 562 927 736 ffuiffiqiimdciiiii
952 574 1102 718 tritu?

51 743 169 825 queris
186 739 247 806 sub
260 736 373 808 Murco
387 737 557 808 Antonino
573 740 684 828 pleps,
700 740 771 808 tues
788 739 939 828 plurimis
956 738 1065 808 infuse

51 829 227 914 prouinciis
249 827 380 894 Itulism
401 847 529 916 quoqne
552 848 626 896 curn
649 828 729 895 urbe
751 827 859 896 Rome
879 829 1065 896 uniuersum

52 917 290 1006 exercitumque
320 916 521 1004 Romanum,
557 938 615 1004 per
650 915 847 1006 longinquos
878 916 1000 986 limites
1032 921 1066 986 et

13 1021 40 1066 ιο
52 1006 181 1076 diuerso
193 1007 333 1076 hiberus
345 1005 538 1094 dispersum,
549 1007 586 1074 in
599 1011 739 1076 mortem
752 1006 947 1076 dissolutum
957 1011 1064 1096 putre·

50 1096 121 1166 dini
150 1098 247 1166 simul
276 1117 315 1166 uc
343 1095 511 1166 uermibus
539 1096 638 1164 dedit
681 1097 729 1165 ibi
760 1097 877 1185 quintu
904 1098 1101 1185 correptior

50 1207 204 1272 pecorum
223 1208 262 1255 sc
279 1185 498 1254 iumentorum
516 1185 687 1272 repentino
705 1187 839 1254 interitu
857 1187 987 1272 explete
1001 1189 1065 1254 es'tr

51 1273 105 1343 hic
136 1275 288 1342 similiter
338 1273 431 1341 uinta
459 1274 584 1343 ultione
617 1275 678 1342 sub
709 1273 829 1344 Seuero
861 1279 1065 1362 persecutore

52 1363 255 1432 creberrimis
268 1363 299 1431 ci
323 1363 330 1378 '
345 1363 419 1430 ibus
432 1362 529 1431 bellis
542 1363 677 1451 propris
690 1363 818 1431 uiscerc
831 1368 865 1430 et
878 1363 1066 1430 sdiumente

12 1453 260 1541 nreipublieec,
289 1451 353 1521 hoc
379 1456 430 1520 est
455 1451 567 1540 plebes
595 1452 836 1539 prouinciarum
865 1456 899 1520 et
920 1452 1065 1558 legiones

51 1542 209 1629 militum,
235 1541 454 1611 comminutus
481 1544 565 1610 sunt
609 1541 656 1609 ibi
683 1546 776 1610 sexte
798 1542 930 1610 ueretio
952 1540 1100 1609 mtulitu

50 1633 176 1700 uesicus
199 1633 446 1700 cffernesceutes
472 1631 646 1718 ulceraque
673 1631 855 1700 merentis:
882 1631 936 1699 hic
963 1651 1064 1718 ecque

51 1726 143 1790 sexte
165 1721 302 1810 punitio,
325 1741 408 1808 quse
430 1723 507 1807 post
523 1718 694 1788 Muximini
712 1719 969 1808 persecutionem
992 1719 1064 1808 tuit,

52 1811 108 1897 qui
131 1811 315 1898 specialiter
337 1810 507 1898 episcopos
529 1814 563 1876 st
585 1809 720 1878 clericos
742 1809 865 1878 omisso
885 1808 983 1878 turbs
1007 1829 1063 1897 po

10 1901 167 1987 sepulcri,
189 1900 253 1968 hoc
270 1906 322 1968 est
338 1899 548 1968 ecclesiarum
566 1901 732 1986 primates,
753 1899 908 1968 trucidsri
925 1899 1063 1987 impere-

51 1996 158 2076 ncrst‚
186 1989 403 2056 intumescens
431 1989 546 2056 crebro
573 1989 624 2056 ire
651 1994 749 2076 etque
772 1987 895 2054 inuidis
916 2007 985 2055 non
1006 2009 1065 2075 per

48 2079 140 2168 uulgi
167 2077 298 2148 cosdem
327 2076 385 2147 sed
414 2099 473 2167 per
500 2078 636 2148 uulnere
665 2081 851 2168 mortesque
880 2075 1063 2167 principum

49 2190 88 2237 sc
109 2169 293 2255 potentium
321 2167 474 2236 exhaletu
497 2171 556 2236 est
601 2169 648 2235 ibi
671 2169 809 2256 septime
830 2167 931 2256 plage
951 2189 1062 2235 nume·
1082 2183 1119 2234 ru

48 2261 141 2326 retur
172 2261 285 2326 coacto
318 2279 392 2325 uere
424 2257 548 2345 grando
580 2255 730 2345 profuse,
761 2278 844 2346 qnue
875 2255 1061 2325 hominibus

9 2361 36 2408 rs
48 2347 201 2416 iumentis
222 2347 365 2437 setisque
384 2347 483 2415 exitio
501 2347 578 2414 init:
600 2346 655 2414 hic
673 2347 825 2415 similiter
842 2347 984 2434 septime
1000 2347 1061 2415 sub

48 2436 144 2506 Gallo
166 2441 202 2504 st
222 2436 419 2523 Volusiano,
443 2435 499 2524 qui
520 2436 720 2524 persecutori
742 2434 842 2504 Decio
865 2458 942 2504 mox
963 2435 1063 2505 inter·

49 2525 134 2597 fecto
163 2531 400 2614 successerunt,
427 2528 527 2617 piugc
553 2525 663 2594 extitit
685 2530 839 2614 corrupto
862 2547 936 2594 sere
957 2523 1060 2614 pestis

47 2617 170 2705 infuse,
197 2639 280 2706 queo
305 2641 365 2707 per
391 2617 502 2686 omnic
523 2615 663 2687 Romeni
685 2617 781 2705 regni
802 2616 845 2683 sb
872 2615 998 2685 oriente
1027 2616 1062 2684 iu

47 2707 249 2778 occidentem
272 2707 382 2795 sputis
407 2727 481 2774 cum
504 2727 600 2775 omne
621 2705 855 2794 propemodum
878 2725 981 2794 genus
1003 2704 1061 2774 ho-

10 2812 37 2856 w
50 2798 174 2868 minum
198 2800 232 2865 st
252 2795 412 2885 pecudum
434 2796 508 2866 neci
531 2794 621 2864 dedit
642 2799 713 2864 tum
736 2795 835 2864 etism

10 2945 35 2992 et
227 2933 421 3011 *corrupitque
438 2934 531 3010 lucus,
549 2933 649 2993 iniecit
665 2933 772 3008 pcbuh
788 2933 865 2992 tubo.

49 3067 94 3135 ibi
118 3067 268 3134 octuusm
286 3064 430 3155 Aegypti
452 3063 681 3134 contritionem
702 3061 807 3132 iecere
824 3063 985 3133 sxcitutcs
1002 3085 1061 3132 nn·
1081 3077 1114 3128 rr

49 3156 146 3248 dique
173 3156 332 3243 ineuntes,
358 3160 508 3226 tenentes
536 3158 679 3224 terentes
705 3157 740 3222 te
763 3157 917 3260 cutesque
939 3153 1062 3224 omniur

14 3247 105 3317 *hio
122 3251 273 3315 octuuum
291 3267 393 3335 seque
415 3249 450 3316 in
472 3245 715 3317 subuersiouem
784 3267 874 3313 meur
897 3244 986 3315 orbis
1008 3267 1060 3315 ex·

48 3335 168 3401 citstse
190 3333 331 3422 undiquc
352 3337 493 3404 intulero
521 3338 650 3422 gentes,
677 3353 760 3421 quse
786 3333 940 3404 coedibus
962 3341 1060 3423 etque

46 3419 205 3488 incendiis
227 3427 361 3492 cunctos
383 3422 568 3510 prouineiss
588 3420 786 3490 deiecerunt
821 3423 868 3491 ibi
886 3444 975 3495 nonu
992 3428 1059 3492 tur·
1078 3437 1113 3489 rs
