2744 3800
56 91 57 108 ¹
183 220 188 229 ·
234 136 302 202 242
478 138 586 192 ravat
605 138 729 192 oanan
746 136 994 191 maroemavn

232 305 304 350 rere
330 282 458 350 bostem
486 281 612 350 uiribus
640 281 769 366 otiosis,
801 279 1010 348 Germaniam
1039 277 1243 382 Galliamque

232 392 432 458 percurrens,
453 371 487 438 in
511 393 570 439 ora
588 371 708 438 Oceani
726 370 813 438 eirca
829 374 1036 456 prospectum
1053 367 1244 435 Britanniae

192 537 201 550 ,
231 461 364 528 restitit
412 481 548 547 cnmqne
584 460 631 527 ibi
662 458 981 546 llinooynobclinum
1014 456 1244 524 Britannorum

132 592 134 596 ’
194 547 688 726 'tt‘lltttttplttt
706 545 1271 706 tlttttmttttttttt.

191 741 216 816 ‚a
232 752 320 797 mam
342 729 447 797 rediit
482 729 584 797 isdem
608 689 717 797 antein
734 729 848 796 diebus
866 725 986 814 Iudaei,
1008 726 1065 814 qui
1082 725 1149 793 iam
1166 730 1245 793 tuno

130 881 134 888 .
195 845 201 857 ·
232 821 276 887 ob
293 819 478 907 passionem
496 817 620 888 Christi
643 819 766 888 meritis
790 816 909 906 ubique
931 817 1077 886 cladibus
1101 816 1243 903 exagita-

232 908 362 994 bantur,
379 909 466 997 apud
484 909 714 976 Alexandriam
732 908 889 976 seditione
907 907 1058 992 excitata,
1075 907 1172 992 prodi
1217 905 1244 973 ti

232 998 329 1066 caede
356 1004 452 1086 atque
480 1000 559 1066 arbe
586 998 748 1086 propulsi,
775 997 1063 1085 expromendarum
1085 1016 1184 1083 quere
1197 996 1242 1062 la·

232 1109 305 1154 rum
327 1087 427 1155 onnia
449 1086 619 1155 Philonem
632 1087 816 1174 -quendam,
839 1086 946 1154 uirum
969 1108 1048 1153 sane
1070 1085 1107 1151 in
1130 1084 1243 1172 primis
1259 1103 1285 1146 ro

195 1175 408 1262 teruditnm,
435 1176 579 1264 legatum
608 1177 650 1243 ad
673 1173 847 1243 Caeretem
868 1175 1035 1242 miserant
1080 1174 1136 1240 sed
1160 1172 1245 1240 Cali-

231 1265 310 1352 gnla
335 1287 409 1333 oum
436 1266 586 1333 omnibus
614 1263 801 1332 bominibus
827 1269 897 1331 tum
921 1262 1093 1352 praecipue
1115 1261 1244 1330 Indaeis

230 1353 477 1440 mimfissimnn
504 1360 615 1440 sprota
637 1355 800 1442 legatione
823 1353 971 1422 Philonia
995 1374 1109 1420 omnes
1131 1351 1243 1420 ludae-

232 1463 325 1510 orum
352 1465 460 1510 seores
483 1444 575 1510 sedes
598 1448 694 1531 atque
717 1443 889 1528 inprimis
912 1443 1081 1528 antiquum
1105 1442 1185 1509 illud
1208 1442 1244 1507 in

231 1529 467 1620 Hierosolymis
485 1529 670 1599 saoralrium
691 1531 859 1618 profanari
881 1531 1048 1598 sacrificiis
1071 1529 1243 1619 gentilium
1260 1550 1315 1599 nn

232 1643 271 1690 ao
299 1621 416 1708 repleri
447 1621 565 1689 statuis
595 1621 838 1709 simulacrisque
868 1618 1042 1708 imperauit
1068 1641 1167 1708 seque
1197 1619 1242 1686 ibi
1258 1637 1284 1679 se

195 1716 271 1779 ant
296 1711 391 1779 deum
419 1712 482 1780 coli
508 1713 680 1800 praecepit
727 1711 852 1779 Pilatus
879 1715 988 1778 autem
1016 1731 1160 1797 praeses,
1188 1707 1244 1798 qui

231 1803 426 1871 sententiam
444 1802 662 1872 damnationis
680 1803 715 1871 in
733 1799 899 1871 Christum
917 1801 1050 1876 dixerat,
1070 1804 1244 1889 postquem

231 1894 388 1980 plurimae
415 1894 590 1961 seditiones
617 1893 652 1960 in
679 1891 915 1981 Hierosolymis
941 1891 1068 1979 excepit
1094 1913 1132 1959 ao
1158 1889 1245 1978 iecit,

231 1983 336 2049 tantis
358 1982 530 2070 inrepente
552 1983 635 2051 Gaio
657 1982 834 2069 angoribus
858 1986 1022 2050 coartatae
1044 1986 1104 2067 est,
1127 1986 1164 2049 ut
1184 1998 1285 2048 suase

232 2092 268 2138 ae
290 2073 555 2138 transuerberans
581 2093 680 2138 manu
707 2073 867 2139 malorum
888 2071 1105 2158 ¹conpendium
1129 2072 1244 2138 mortis

197 2160 398 2228 aceleritate
424 2159 608 2247 quaesierit
653 2159 755 2227 Gaius
783 2157 934 2248 Caligula
959 2159 1149 2227 libidinibus
1177 2160 1244 2226 auis

233 2249 331 2316 etiam
356 2249 438 2316 illud
466 2249 595 2317 sceleris
623 2249 754 2336 adiecit,
781 2252 820 2315 nt
845 2270 973 2317 sorores
1000 2271 1077 2316 suas
1103 2249 1245 2337 primum

233 2343 348 2425 stupro
378 2337 549 2424 pollueret,
580 2338 694 2406 deinde
725 2337 823 2405 exilio
855 2338 1033 2405 damnaret
1082 2337 1138 2424 qui
1156 2341 1247 2425 ‘post

234 2447 347 2494 omnes
369 2426 466 2493 simul
489 2427 599 2493 exules
622 2427 718 2494 iussit
740 2427 851 2495 occidi
895 2427 967 2512 ipse
994 2431 1104 2494 autem
1131 2449 1151 2493 a
1178 2427 1245 2494 suis
1259 2444 1286 2487 se

182 2525 219 2580 tt
233 2515 473 2601 protectoribus
496 2515 622 2582 oooisns
644 2520 703 2582 est
740 2515 804 2583 duo
827 2514 931 2582 libelli
953 2515 987 2582 in
1010 2513 1151 2582 selcretis
1175 2515 1244 2582 eius
1262 2531 1315 2584 nt*

233 2601 354 2688 reperti
383 2606 474 2687 eunt,
505 2625 642 2705 quorum
673 2604 768 2669 alteri
799 2604 931 2689 pugio,
963 2604 1057 2670 alteri
1090 2602 1245 2691 gladius

234 2689 414 2776 prosigue
434 2690 577 2758 nomenis
600 2691 797 2777 adscriptum
820 2697 905 2758 erat:
933 2692 1030 2758 ambo
1053 2691 1246 2758 lectissimo·

234 2799 307 2844 xum
329 2777 473 2844 uirorum
495 2779 663 2865 utriusque
686 2778 816 2863 ordinis,
838 2779 993 2847 senatorii
1016 2785 1052 2846 et
1074 2779 1244 2866 equestria,

234 2865 369 2936 nomina
390 2870 425 2936 et
445 2869 543 2936 notas
565 2867 778 2952 continebant
798 2866 898 2937 morti
919 2867 1163 2936 destinatorum.
1198 2867 1247 2933 in·
1259 2884 1286 2927 so

234 2962 335 3023 nanta
355 2961 408 3023 est
428 2961 463 3022 et
484 2978 560 3024 area
577 2957 693 3045 ingene
715 2957 880 3024 uariorum
898 2979 1107 3044 uenenorum,
1129 2955 1246 3045 quibus

234 3063 312 3110 mor
334 3039 470 3110 Claudio
493 3041 631 3110 (laesere
658 3044 790 3111 iubente
815 3044 969 3112 demersis
996 3045 1117 3112 intecta
1143 3045 1247 3112 maria

224 3129 409 3212 traduntur
429 3152 497 3199 non
519 3131 590 3199 sine
610 3153 730 3218 magno
748 3131 886 3218 piscium
904 3133 1013 3219 exitio,
1035 3154 1118 3220 quos
1137 3153 1247 3201 eneoa·
1314 3169 1315 3204 ÷

235 3223 288 3288 u·
310 3239 368 3306 per
388 3219 537 3307 proxima
559 3221 656 3288 litora
678 3221 801 3308 passim
824 3224 934 3287 aestua
956 3221 1058 3289 eieeit
1312 3217 1315 3364 1

184 3319 218 3372 tt
302 3305 459 3415 Magnum
487 3329 602 3376 reum
629 3308 784 3376 indicium
812 3309 996 3376 miserentis
1024 3309 1085 3378 Dei
1114 3313 1247 3397 propter
1260 3321 1314 3378 ⁸⁸¹

237 3397 429 3488 mffragnm
447 3397 573 3488 gratiae
590 3399 626 3468 in
648 3398 803 3488 populum
826 3399 981 3468 continuo
1004 3419 1043 3468 ex
1065 3403 1158 3489 parte
1180 3419 1247 3467 ora·

237 3488 379 3556 diturum
402 3493 437 3556 et
456 3493 591 3575 propter
616 3489 684 3556 irae
711 3493 1001 3576 temperamentum
1028 3491 1063 3558 in
1090 3490 1246 3578 populum
