2826 3784
461 115 658 170 mvmnsvu
674 114 840 170 plumos
857 115 882 167 V
902 119 943 170 lt.
1151 109 1214 179 163

193 257 286 326 milie
316 262 516 326 ermutorum
547 258 727 327 nouissimo
756 257 842 326 bello
872 256 915 324 eb
948 257 1049 324 isdem
1081 255 1212 344 regibus

194 347 335 435 obieetu3
357 346 438 416 lusco
455 369 583 438 quoque
601 369 703 437 usque
722 347 763 416 ed
781 345 1036 416 internecionem
1053 344 1212 415 Romsms

193 437 400 506 uincentibus
429 459 525 506 cesse
552 439 746 507 referuntur.
796 460 835 506 cx
866 459 905 505 eo
936 436 1087 505 mulus
1119 457 1212 522 spem

193 526 273 594 belli
296 525 456 614 abiciens,
482 549 595 616 pucem
623 527 740 614 petiuit
764 530 864 614 utque
890 525 925 594 in
952 526 1094 613 pretium
1122 524 1212 612 pacis

167 615 389 706 ciugurthom
401 616 476 686 dolo
490 621 620 706 coptum
638 615 825 706 catenisque
842 616 996 684 obrutum
1013 635 1073 702 per
1086 611 1212 703 Syllum

100 739 124 780 o
137 725 178 771 ort
195 707 343 794 legatum
365 706 455 775 misit
477 707 520 775 ed
537 707 687 775 Murium,
722 707 779 795 qui
801 707 835 774 in
853 705 1021 792 triumpho
1039 704 1123 772 culte
1141 727 1211 772 cur-
1231 706 1266 758 1⁹

79 857 81 862 ,
194 819 267 864 rum
294 818 368 864 cum
395 794 522 865 (luobus
549 797 626 864 filiis
653 795 722 864 suis
750 799 843 865 ectus
871 798 905 862 et
926 816 1002 864 mox
1024 795 1060 861 iu
1082 814 1211 861 curcere

196 886 421 975 strangulatus
443 889 503 954 est.

261 975 369 1044 Isdem
392 975 506 1044 dicbus
530 974 707 1044 obscenum
729 973 915 1063 prodigium
934 995 973 1042 sc
989 972 1084 1042 triste
1102 973 1210 1041 uisum
1229 971 1265 1026 ²⁰

156 1070 256 1132 coest
301 1065 338 1134 Is.
359 1063 498 1132 Heluius
527 1086 625 1151 eques
651 1063 819 1142 &munus
848 1085 922 1131 cum
951 1084 1051 1130 uxore
1081 1067 1116 1130 et
1145 1063 1214 1130 iilic

196 1154 235 1222 ‹le
265 1151 372 1222 Βοωι
400 1153 435 1221 iu
464 1152 619 1241 Apuliam
648 1153 1014 1241 rediensptempestute
1044 1155 1214 1240 correptus

196 1265 270 1312 cum
291 1243 394 1311 tilium
416 1247 659 1312 consternstnm
677 1242 812 1330 uideret,
833 1245 871 1309 ut
889 1241 985 1310 citim
1004 1241 1213 1345 propioribus

195 1333 291 1400 tectio
315 1333 540 1420 succederent,
566 1333 689 1401 relictis
712 1331 870 1400 uehiculis
894 1334 1096 1418 arreptisque
1120 1329 1213 1418 equis

195 1421 298 1489 lilium
327 1421 489 1511 uirginem
518 1442 600 1509 equo
630 1421 825 1490 insidentem
854 1418 891 1488 iu
921 1419 1064 1488 medium
1094 1439 1213 1509 ugrum

156 1528 183 1571 ¹⁸
196 1510 754 1666 llllnll⁰¹llllellt¹ll
768 1509 1214 1683 illumi&
1229 1510 1265 1563 ¹¹

197 1707 236 1753 uc
265 1686 407 1771 pectoris
436 1685 620 1773 pedumque
651 1620 790 1752 umeris
823 1684 1005 1770 dissolutis,
1037 1684 1215 1753 monilibus

197 1773 297 1840 etium
315 1773 485 1860 mufflque
503 1773 674 1860 muressis,
690 1774 764 1860 ipso
782 1794 909 1859 quoque
928 1793 1063 1858 corpure
1081 1771 1215 1858 iulueso,

196 1859 261 1926 nisi
288 1859 376 1946 quod
405 1861 582 1928 obscenum
609 1861 644 1926 in
670 1860 802 1927 modum
829 1859 917 1926 nude
937 1864 972 1926 et
994 1858 1109 1946 linguu
1134 1880 1214 1946 puu-

156 1965 184 2007 eo
197 1947 300 2013 lulum
324 1952 436 2014 exortu
457 1947 572 2033 incuit3
595 1969 698 2034 equus
720 1969 848 2100 quoque
866 1947 944 2034 ipse,
967 1969 1032 2033 quo
1053 1947 1216 2033 utcbetnr,

198 2035 349 2102 straturis
372 2034 474 2102 irenis
497 2040 532 2102 et
548 2035 689 2124 cingulis
707 2035 795 2102 iusso
809 2035 874 2102 utis
892 2035 1014 2123 possim
1033 2057 1072 2102 sc
1091 2034 1215 2122 disper·

198 2122 244 2190 sis
267 2123 423 2190 exanimis
446 2123 560 2211 procul
581 2123 692 2192 iacuit.

264 2210 371 2279 Puruo
402 2212 571 2298 posthoc
602 2213 780 2280 intercessu
812 2211 969 2299 temporis
1000 2211 1036 2277 Is.
1058 2209 1214 2278 Veturius
1233 2221 1268 2274 m

107 2317 184 2370 nuo
199 2320 296 2387 eques
318 2299 487 2366 Romanus
509 2299 696 2366 Aemilium
719 2299 880 2385 uirginem
902 2297 1070 2366 Vestalem
1092 2297 1215 2366 furtiuo

156 2404 183 2449 ss
198 2391 311 2475 stupro
325 2386 454 2474 polluit
486 2385 568 2456 dues
585 2391 754 2474 preetcreu
772 2385 917 2474 uirgines
930 2384 1082 2455 Vestales
1100 2385 1214 2454 eudem

195 2475 339 2544 Aemilia
366 2475 407 2543 ud
436 2477 720 2564 perticiputionem
747 2475 864 2544 incesti
887 2475 1080 2543 sollicitatae
1102 2477 1214 2544 contu·

197 2565 383 2634 beruslibus
401 2566 453 2632 sui
475 2567 674 2653 corruptoris
692 2564 843 2653 exposuit
860 2587 898 2632 uc
917 2563 1059 2632 trsdidit
1094 2563 1215 2631 indicio

195 2675 255 2746 per
273 2677 403 2724 seruum
421 2654 508 2725 lucto
528 2677 565 2724 su
589 2654 721 2744 plinium
740 2653 781 2723 do
799 2651 951 2723 omnibus
970 2657 1135 2742 sumptum
1153 2656 1213 2722 est

263 2744 372 2816 Isdem
390 2678 610 2834 prsetereciu
656 2745 759 2814 rthini
776 2744 854 2813 belli
867 2743 1070 2832 temporibus
1082 2742 1118 2812 L
1133 2740 1211 2813 Ouo·
1229 2755 1265 2810 tt

156 2850 185 2894 ιο
199 2835 266 2902 sius
295 2837 409 2904 consul
435 2835 470 2901 in
492 2833 600 2902 Gellio
652 2835 798 2920 igurinm
825 2855 929 2920 usquc
952 2831 1115 2901 Oceanum
1143 2854 1214 2919 per·

197 2924 328 2990 secutus
354 2943 529 3008 rursusque
557 2920 598 2988 ob
622 2921 725 2988 isdem
747 2919 874 2987 insidiis
897 2919 1138 2987 circumuentus
1161 2939 1212 2986 oe·

196 3009 284 3077 cirus
306 3013 371 3095 est;
392 3007 512 3078 Lucius
535 3029 663 3097 quoque
689 3007 763 3075 Piso
785 3008 838 3074 uir
859 3006 1055 3092 consuleris,
1085 3007 1213 3093 legatus
1231 3025 1268 3078 u

196 3096 304 3165 Gnosii
327 3096 484 3183 consulis,
506 3097 704 3164 interiectum.
750 3093 786 3163 G.
807 3093 946 3163 Publius
969 3095 1054 3162 ulter
1075 3096 1214 3182 legatus,

197 3206 239 3252 ne
261 3184 391 3251 residm
413 3184 573 3252 meruitne
591 3183 709 3270 portio,
731 3181 868 3269 quaein
887 3186 997 3250 ocsus
1013 3181 1215 3268 confugeret,

157 3287 185 3331 se
198 3270 366 3357 deleretur,
389 3271 518 3338 obsides
542 3275 576 3338 et
598 3271 765 3338 dimidium
788 3273 914 3354 portem
935 3291 1045 3337 rerum
1068 3268 1214 3337 omnium

198 3357 368 3446 tigurinis
389 3359 582 3445 turpissimo
600 3359 730 3428 foedere
747 3357 852 3426 dedit:
875 3357 932 3445 qui
950 3357 1090 3426 Romam
1106 3377 1214 3425 rouer-

197 3467 264 3532 sue,
287 3443 436 3514 uCuelio
454 3447 588 3516 tribuno
604 3446 695 3535 plebi
712 3445 764 3514 die
782 3446 870 3513 dictu
888 3467 926 3514 co
944 3447 1031 3535 qnod
1049 3445 1215 3534 'ligurinie

843 3553 845 3557 ’
999 3549 1055 3606 w
