2750 3800
321 101 517 156 sursum
535 100 700 156 PAGANOS
718 102 757 155 Vl
778 105 891 158 tlt-rs.
1044 106 1112 166 tlt

11 265 84 321 ,sse
103 245 230 315 eitsuitl
267 249 303 314 st
328 249 439 312 temen
465 245 583 313 horum
611 243 763 313 ¹omnium
792 245 954 314 melorum
981 245 1149 314 initinme

99 335 250 423 superbis
279 340 343 401 sstr
370 334 445 402 indo
471 335 664 403 exemerunt
688 335 776 402 belle
801 336 925 422 eiuilie,
951 335 1025 403 inde
1051 336 1112 403 ito-

98 447 171 494 rum
192 423 404 512 pullularunt
444 445 511 491 non
534 444 612 511 orgo
635 425 758 492 iniuste
780 424 895 492 orodes
916 429 967 492 est
990 445 1113 510 eorum,

98 517 154 603 qui
176 536 248 582 oem
271 513 391 581 iniuste
413 517 651 599 consectentur,
673 514 702 581 si
725 514 914 582 ambitionis
937 513 1112 582 semulotio

72 621 156 692 sper
177 603 267 690 ipsos
290 608 390 690 ntqns
412 602 447 668 in
473 602 553 688 ipsis
580 607 614 670 et
639 604 749 689 egitur
775 608 810 669 et
836 603 983 689 punitur,
1010 603 1112 670 donee

99 691 154 780 qni
182 691 402 759 detreetnuers
429 690 616 795 eollegium,
641 691 769 759 diseunt
791 691 875 759 isrrs
902 691 1113 775 dominatum,

100 803 206 847 summ
249 801 288 846 ue
310 778 439 866 imperii
462 783 564 846 totius
582 779 625 847 sd
641 801 742 847 unum
759 780 891 846 redsotn
908 779 1006 866 longe
1023 779 1112 847 eliud

99 891 212 937 omnes
265 868 389 935 omines
411 867 544 934 uiuendi
566 888 669 954 genus
694 867 840 953 subeunt,
861 872 899 933 ut
920 889 1032 934 omnes
1055 867 1113 934 luu-

100 957 220 1024 militer
242 956 368 1043 plaeere
386 954 545 1038 studesnt,
567 977 633 1022 uon
652 957 831 1024 insolenter
848 955 1018 1023 offendere.
1053 956 1110 1022 sed
1131 971 1168 1022 ro

60 1064 87 1106 ιο
99 1048 139 1113 ed
162 1051 230 1113 tom
254 1045 418 1112 salubrem
436 1044 633 1112 bumilitntis
652 1045 833 1112 doetrinsm
852 1045 1010 1132 magistro
1029 1066 1112 1131 opus

100 1137 157 1200 est
201 1135 311 1218 itsque
339 1137 520 1219 opportune
547 1133 727 1216 conpositis
750 1135 846 1200 robus
869 1133 1010 1217 Augusti
1033 1129 1113 1198 (loe-

99 1221 181 1286 ssris
204 1226 302 1286 notus
326 1223 377 1285 est
399 1217 558 1285 Dominus
582 1217 748 1303 Christus,
797 1221 831 1286 ui
853 1241 926 1286 oum
948 1219 983 1286 in
1005 1219 1113 1286 forms

99 1307 160 1374 Dei
182 1313 276 1391 esset,
298 1309 438 1374 lormem
461 1307 547 1373 serui
569 1305 736 1373 humiliter
758 1243 952 1393 adsumpsit,
974 1313 1012 1374 ut
1032 1311 1112 1374 tuno

99 1395 226 1460 demum
244 1395 351 1478 optior
368 1395 462 1459 lieret
478 1392 675 1460 humilitatis
697 1395 870 1474 institutio,
892 1393 1022 1480 quondo
1044 1393 1112 1460 iem

60 1497 86 1538 ιι
98 1501 157 1566 per
185 1483 291 1634 toltum
322 1479 476 1547 mundum
505 1501 612 1566 poene
642 1481 810 1566 superbiae
842 1480 995 1546 omnibus
1026 1484 1114 1546 esset

98 1589 212 1653 exemp
227 1589 257 1634 o.

163 1657 262 1723 Anno
284 1654 327 1722 sb
350 1655 429 1723 urbo
451 1656 584 1723 condito
606 1671 701 1723 »σοι
728 1655 900 1722 interiecto
923 1653 1006 1724 Iulio
1029 1652 1169 1722 (lue-10

99 1765 170 1809 ssre
189 1741 398 1825 Oetuninnus,
420 1742 476 1828 qui
498 1748 694 1810 testamento
713 1742 777 1808 Iuli
795 1741 943 1810 (laesuris
962 1743 1113 1809 sunnouli

14 1848 88 1900 nm
102 1836 135 1897 et
160 1830 373 1897 hereditatem
402 1827 444 1896 let
468 1851 586 1896 nomen
616 1830 843 1917 adsumpserst
868 1829 1030 1932 idemque,
1057 1829 1113 1915 qui

60 1923 212 2003 ”posteo
238 1939 346 1984 rerum
373 1919 498 2005 potitus
525 1918 694 2004 Augustus
722 1923 774 1984 est
800 1918 921 2000 dietus,
951 1917 1047 1984 simul
1075 1920 1114 1983 ut

98 2006 237 2074 llomm
269 2006 457 2073 adulescens
492 2007 666 2074 admodum
696 2007 804 2088 uenit,
840 2005 982 2073 indolem
1019 2027 1112 2072 suom

98 2095 193 2162 bellis
220 2095 370 2162 ciuilibus
396 2095 497 2162 uouit
541 2116 633 2178 nom,
659 2100 697 2162 ut
722 2094 865 2161 breuiter
891 2094 1146 2164 eosoeruutios

98 2203 173 2252 uem
201 2185 360 2254 melorum
388 2183 560 2271 explicem,
587 2183 675 2252 belle
697 2183 807 2252 ciuilis
851 2183 970 2271 uinque
994 2183 1112 2272 gessite

98 2272 282 2341 Mutinense
309 2273 518 2362 Philippense
546 2273 740 2342 Perusinum
763 2206 907 2342 Sieddnm
931 2273 1112 2342 Aotioeum.

58 2377 117 2430 tte
139 2361 256 2449 quibus
279 2363 352 2449 duo,
373 2363 437 2431 hoo
459 2368 511 2430 ost
532 2363 672 2450 primum
691 2385 729 2431 se
752 2363 975 2448 nouissimum,
998 2362 1111 2430 eduor-

99 2474 154 2520 sus
176 2451 220 2520 M.
238 2452 429 2537 Antonium,
452 2453 625 2522 seeundum
648 2453 803 2521 eduersus
821 2452 959 2521 Brutum
981 2455 1016 2520 et
1033 2449 1112 2520 Ous-

12 2557 86 2610 ’Μ
99 2539 1145 2701 lll’pll⁰lt⁶t⁰lt0lllllll’lltltmaltit:.

99 2741 119 2785 ιι
146 2725 261 2786 senatu
271 2653 394 2788 pidestid
421 2655 652 2806 pronuntdutus
675 2719 715 2786 D.
738 2684 875 2787 dirutum
903 2719 991 2804 opud
1012 2718 1112 2787 Muti·

58 2820 175 2875 ”num
198 2807 365 2877 obsidione
387 2807 597 2876 oonoluseret
632 2808 780 2876 eonsules
798 2807 926 2874 Hirtius
950 2812 985 2873 st
1005 2805 1112 2874 Peneo

99 2901 133 2962 et
153 2916 227 2964 eum
248 2896 301 2965 his
324 2894 445 2966 Oseser
466 2898 507 2964 nd
533 2896 737 2965 liberandum
759 2897 899 2965 Brutum
925 2915 1111 2984 expugnes·

98 2984 237 3073 dumque
265 2987 445 3054 Antonium
474 2985 574 3054 missi.
619 2985 728 3055 Penes
756 2986 863 3073 primo
892 2985 1027 3054 ueniens
1057 3004 1146 3058 ex·t

98 3077 211 3156 oeptus
233 3073 374 3155 insidiis,
400 3075 486 3140 iuter
513 3095 645 3141 suorum
667 3074 776 3162 eludes
799 3075 868 3160 ipse
890 3095 1019 3159 qnoque
1041 3073 1111 3158 pilo

57 3254 86 3301 u
98 3159 243 3310 ξηιίιιιὲ
262 3161 452 3311 uulnrtrstus
475 3161 522 3314 fibi
539 3159 653 3315 tiodem
671 3161 806 3314 uullinere
823 3159 1027 3314 inlffrpositis
1045 3159 1111 3225 die·

121 3265 159 3309 us
191 3265 226 3310 es
273 3267 327 3312 mo
361 3268 429 3313 uus.
523 3268 605 3314 rus
637 3270 711 3314 ouxr
736 3270 792 3316 nm
825 3268 908 3315 eos
951 3269 969 3313 e
1013 3267 1107 3315 erens

98 3349 233 3416 mugnus
256 3331 394 3400 Antonii
420 3335 531 3422 oopiss
559 3340 655 3402 ueste
681 3341 791 3424 strage
813 3268 949 3404 delendi?
987 3331 1110 3403 caeses

98 3420 232 3484 eetsnm
254 3424 362 3487 osstrs
384 3421 547 3489 custodiit
586 3424 729 3492 seeundo
752 3422 906 3492 aduersus
927 3422 1146 3495 Antoniusne

1301 1 1351 43 lli

1309 44 1351 91 fl

1345 124 1349 135 ι
