2826 3784
393 89 590 144 suvnusvu
606 89 772 144 rennues
789 89 815 141 v
834 92 876 145 rs
896 92 939 144 rs.
1120 86 1184 152 161

174 256 236 300 nus
259 233 416 320 heresque
433 233 520 301 inter
535 233 700 300 netumles
718 232 786 300 sius
804 231 889 300 lilios
907 231 1023 318 luctus
1045 231 1186 318 primum

174 321 347 390 coheredes
375 342 466 408 snos,
492 321 527 389 id
548 325 599 388 est
620 320 844 407 Hiempsalem
865 321 997 406 occidit,
1020 317 1187 388 Adherbe-

174 410 240 478 lem
266 409 352 477 bello
382 410 503 477 uictum
524 409 637 477 Africo
659 409 792 495 expulit.
836 406 1048 495 Calpurnium
1074 407 1188 475 deinde
1206 414 1226 472 4'

175 497 342 567 consulem
359 497 531 567 aduersum
550 519 585 566 se
604 498 739 566 missum
761 497 899 586 pecunie
921 497 1067 586 eorrupit
1089 501 1188 586 etque

150 589 220 660 esd
248 588 454 679 turpissimus
484 587 690 660 condiciones
713 589 804 678 pacis
833 587 976 658 adduxit
1021 592 1223 678 praeterere

177 703 251 750 oum
274 679 414 750 Romam
436 681 508 768 ipse
530 680 687 766 uenisset,
708 680 859 750 omnibus
882 679 1019 769 pecunie
1040 685 1099 749 ent
1120 701 1191 748 ecr-

177 769 283 855 ruptis
306 773 366 836 sut
388 771 596 855 edtemptetis
619 769 795 837 seditiones
817 769 1101 856 dissensionesque
1119 790 1191 855 per·

178 857 322 942 miscuit3
352 879 451 944 quem
479 879 552 924 cnm
582 857 787 944 egrederetsu·
814 857 929 924 iniemi
956 857 1036 923 setis
1063 857 1192 924 noteuit

179 943 286 1033 elogio
309 943 433 1013 dicens:
460 967 481 1014 c
503 945 635 1013 urbem
657 945 834 1013 uenalem
856 949 895 1014 et
915 948 1064 1013 mature
1087 945 1191 1032 peri·

140 1036 320 1120 uturum,
342 1033 375 1101 si
397 1037 610 1121 emptorem
631 1035 840 1102 inueneritl

245 1121 433 1210 Insequenti
456 1144 544 1191 enno
566 1122 607 1190 A.
629 1121 845 1209 Postumium,
866 1121 1027 1192 Postumii
1050 1123 1228 1191 eomulise
1308 1130 1313 1139 '

178 1207 324 1296 fratrem,
347 1231 443 1296 quern
461 1210 490 1278 is
508 1209 592 1297 qued
656 1211 664 1227 “
688 1216 724 1278 te
740 1211 867 1279 milium
883 1215 1083 1280 ermstorum
1104 1231 1194 1278 exer·

179 1296 260 1364 citui
277 1298 495 1384 preedeeeret‚
520 1298 609 1385 spud
678 1298 799 1366 lumem
822 1299 937 1366 urbem
959 1298 1121 1366 thesauris
1145 1321 1194 1368 re·

90 1413 112 1453 r
125 1383 254 1472 miglis
283 1385 422 1454 conditis
451 1385 632 1454 inhiantem
663 1387 750 1455 bello
779 1387 943 1474 oppressit
970 1389 1075 1476 udque
1104 1389 1192 1456 uicto

141 1474 527 1561 reignominiosiseirnum
562 1475 677 1544 foedus
710 1477 826 1562 exegit
871 1476 1058 1544 uniuersum
1089 1497 1193 1563 psene

180 1562 326 1630 Africum
361 1585 382 1629 e
412 1561 570 1630 Romanis
606 1562 807 1631 deficientem
842 1585 945 1653 regno
981 1586 1041 1633 sno
1077 1565 1193 1634 iunxit

179 1656 296 1738 postue
312 1655 423 1719 temen
440 1650 565 1720 Metelli
587 1653 731 1721 consulis
754 1653 944 1742 integritete
967 1657 1000 1722 et
1022 1653 1229 1741 discipline?

180 1740 348 1826 coercitus,
371 1739 497 1808 duobus
516 1740 616 1809 etism
634 1741 767 1828 proeliis
789 1743 896 1812 uictus
919 1743 1003 1809 uidit
1022 1747 1195 1828 preesente

184 1850 219 1895 ss
246 1833 280 1896 et
305 1828 429 1896 nestori
452 1827 642 1896 Numidiam
669 1851 762 1897 suem
789 1834 823 1898 et
844 1853 911 1899 non
933 1851 1030 1917 posse
1052 1831 1196 1900 delendi:

143 1934 171 1978 sc
181 1938 292 2074 ἕωφιο
310 1917 358 2072 teud
381 1916 580 2094 (19ᾱέιίοηίιὲ
604 1924 737 1988 conotus
760 1922 922 2076 trtecentos
944 1919 1073 2076 olbffoe
1096 1920 1195 2007 dedit,

50 2063 53 2072 .
235 2028 310 2074 men
347 2028 505 2074 meuc
577 2029 836 2076 oscommeeus
900 2030 990 2077 rsou
1028 2031 1194 2078 rumsese

182 2095 374 2183 spopondit,
409 2095 476 2162 tris
511 2095 602 2163 milis
632 2097 774 2184 emplius
805 2031 1016 2186 pelligerum
1047 2098 1195 2167 reddidit

182 2184 268 2250 exim
296 2205 371 2251 eum
399 2183 542 2251 incertus
572 2185 607 2251 in
636 2207 714 2272 pecs
742 2186 909 2272 improbos
939 2209 1005 2254 nou
1030 2185 1230 2255 cohiberete

183 2293 347 2359 excursus,
369 2269 406 2340 0.
428 2271 526 2340 Marii
547 2274 691 2342 consulis
713 2294 782 2342 non
803 2275 930 2344 minore
951 2297 1068 2363 poene,
1096 2297 1195 2363 quem
1278 2289 1281 2294 “

140 2377 169 2420 ¹⁵
181 2361 253 2447 ipse
271 2360 436 2447 praeditus
455 2366 536 2447 erut,
554 2363 677 2430 astutis
690 2362 911 2452 Romanisque
929 2365 1054 2433 uiribus
1070 2363 1195 2432 tructus

181 2452 242 2533 est,
259 2449 399 2516 menime
416 2471 476 2536 pes
514 2472 590 2517 urm
607 2449 730 2518 Murius
747 2453 862 2519 urbem
879 2450 1030 2540 Capsum,
1051 2453 1094 2520 sb
1112 2451 1195 2520 Her·

180 2537 251 2604 cule
265 2535 427 2605 Phoenice
444 2540 483 2605 ut
514 2541 611 2606 eruut
627 2538 801 2625 eonditum,
818 2539 918 2628 regiis
936 2543 1015 2608 tnnc
1031 2540 1194 2609 theseuris

180 2625 453 2694 confertissimum
484 2626 560 2695 dolo
592 2627 806 2696 circumuenit
836 2632 871 2696 et
900 2651 937 2697 oe
960 2629 995 2698 iu
1045 2629 1230 2698 diffidense

179 2713 296 2782 deinde
322 2715 464 2802 propriis
492 2716 589 2785 rebus
616 2720 651 2784 et
676 2716 801 2785 uirium
823 2651 984 2806 Iugurtds
1005 2717 1197 2788 socistetem

71 2859 77 2868 .
139 2818 254 2871 ”cnm
278 2802 407 2872 Boccho
434 2802 622 2872 Meurornm
648 2825 726 2892 rege
752 2805 844 2892 lecit,
870 2806 961 2875 cuius
988 2807 1135 2895 equitetu
1161 2808 1197 2876 in

179 2891 372 2960 immensum
390 2896 505 2960 suctus
522 2891 705 2962 Meuianum
727 2894 901 2963 exereitum
924 2895 1128 2964 creberrimis
1145 2895 1194 2968 iu·

180 2980 382 3049 cursionibns
410 2979 572 3070 lstigenit
617 2985 782 3069 postremo
806 2983 892 3070 epod
913 2969 1054 3070 Oirtsmj
1078 2986 1194 3054 urbem
1213 2996 1248 3048 ιο

180 3069 364 3156 antiquum,
385 3067 578 3138 Mesinissee
600 3071 735 3156 regium,
756 3071 928 3140 doersum
952 3071 1117 3142 Romanos
1139 3094 1193 3142 ex·

179 3156 414 3260 pugnetiouem
437 3157 508 3263 cinq
528 3163 680 3245 parentes
704 3159 873 3314 sereqinte
895 3160 1027 3229 milibus
1049 3161 1196 3250 equitum

140 3259 168 3303 se
181 3247 362 3348 instructus
385 3250 534 3313 occurret.
569 3267 648 3313 uum
670 3269 747 3351 uum
769 3247 1197 3424 iflssfffffflfflffiffi
1214 3270 1247 3322 u

93 3331 376 3488 emzulftrqffig
397 3335 782 3494 &wawarie
802 3425 1029 3514 impetentium
1052 3429 1197 3518 equitum
1314 3495 1319 3510 ‚

233 3532 337 3578 oseem
351 3545 391 3578 nr.
405 3535 601 3582 zumurus.
1002 3538 1035 3589 11

51 3677 108 3732 h
