2744 3800
301 111 498 170 sovamvn
515 111 680 168 raonnos
697 114 750 168 v11
768 117 794 168 s.
812 117 838 170 o.
999 111 1063 179 241

54 258 106 324 uel
133 255 243 341 potius
270 255 304 322 in
331 255 390 322 illa
415 254 578 323 horrenda
603 260 700 323 nocte
726 261 798 324 toto
825 259 915 326 caelo
937 257 1066 325 fulsisse

54 344 222 413 referatur.
261 342 347 432 quod
375 366 443 411 non
470 344 577 412 solum
600 348 786 412 sanctornm
808 345 1066 433 Euangeliorum

54 435 143 515 fidae,
165 433 221 500 sed
240 433 339 500 etiam
357 433 516 522 aliquanti
534 432 733 502 Graecorum
751 434 828 502 libri
850 435 1063 504 adtestantur.

53 526 119 592 iam
132 522 208 590 binc
222 529 299 609 post
311 523 497 608 passionem
510 519 653 609 Domini,
671 545 767 611 quem
781 523 894 592 Iudaei
907 531 1064 611 quantum
1085 533 1119 588 rt
1246 544 1249 560 ¹
1287 577 1290 584 .

27 614 89 680 ain
102 610 181 698 ipsis
194 610 259 679 fuit
270 613 431 698 persecuti
446 616 531 696 sont,
549 611 723 678 continuae
742 611 850 680 clades
863 611 1066 700 ludaeorum,

1 719 41 761 ur
55 700 155 768 donec
169 699 326 766 exinaniti
339 698 539 787 dispersique
553 699 713 785 deliciunt,
726 697 973 769 inceslaabiliter
985 707 1065 769 atre·

53 793 144 876 punt
169 787 319 854 'libarius
334 787 493 892 siquidem
507 787 709 856 iuuentutem
728 810 839 856 eorum
853 811 912 876 per
924 790 1065 876 speciem
1084 797 1120 852 ιτ
1251 854 1254 866 ,
1286 797 1290 804 “

54 875 247 945 sacrmenti
265 877 302 944 in
318 876 505 962 prouinciae
523 876 686 964 grauioris
704 877 788 944 caeli
805 877 974 966 relegauit,
991 878 1066 946 reli-

54 988 135 1054 quos
163 965 271 1054 gentis
299 964 443 1033 ciusdem
470 966 523 1032 ucl
551 965 672 1035 similia
696 971 859 1036 sectautm
882 968 962 1035 urbe
990 967 1065 1035 aub-

15 1056 156 1124 remouit
173 1055 234 1122 sub
251 1076 357 1143 poena
374 1059 551 1142 perpetuae
567 1056 746 1144 seruitutis,
764 1056 829 1124 nisi
846 1055 1066 1144 obtemperar-
1087 1071 1089 1076 ’

1245 313 1273 382 '¹4

1244 682 1261 742 lt

52 1150 133 1214 sent
178 1167 255 1214 sanc
285 1143 384 1213 Asiae
414 1145 564 1214 ciuitates
593 1144 650 1214 illo
679 1149 785 1215 terrae
815 1149 907 1216 moto
939 1147 1064 1216 dirutas
1083 1154 1119 1210 rs
1255 1236 1258 1247 ,

52 1238 176 1304 tributo
194 1236 328 1304 dimisso
347 1237 482 1323 propria
499 1235 599 1304 etiam
617 1237 815 1305 liberalitate
833 1237 979 1307 donauit
1011 1237 1065 1305 bic

53 1325 214 1412 ambiguis
236 1324 340 1412 signis
363 1325 478 1390 ueneni
501 1324 594 1391 obiit

117 1413 213 1481 Anno
237 1412 279 1480 ab
302 1410 382 1479 urbe
405 1410 537 1490 condita
563 1427 678 1480 nccxc
705 1413 822 1480 tertius
849 1413 891 1480 ab
913 1411 1103 1502 Augustot

13 1517 39 1565 ra
52 1501 152 1572 Gaius
179 1499 331 1592 Caligula
357 1522 494 1590 regnare
521 1501 629 1590 coepit
654 1502 839 1592 mansitque
866 1504 900 1570 in
928 1503 1064 1590 imperio

51 1593 145 1661 annis
175 1615 242 1659 non
274 1591 379 1680 plenis
411 1595 581 1679 quattuor,
611 1591 711 1659 bomo
742 1593 888 1659 omnium
920 1596 997 1659 ante
1029 1615 1064 1660 se

51 1679 325 1770 flagitiosissimus
348 1683 382 1746 ct
403 1679 462 1768 qui
485 1700 561 1747 uere
588 1678 707 1769 dignus
730 1680 888 1749 Romanis
911 1679 1064 1768 blaspbe-

51 1769 214 1839 mantibus
242 1773 276 1839 et
301 1767 430 1839 Iudaeis
457 1768 719 1857 persecutoribus
742 1769 874 1857 punitor
896 1769 1062 1840 adbibitus

50 1861 220 1930 uideretur.
264 1861 333 1947 hic,
354 1866 392 1928 ut
415 1859 559 1928 breuiter
580 1859 839 1948 magnitudinem
861 1861 1062 1930 crudelitatis
1082 1861 1101 1914 ²

11 1965 37 2008 κ
51 1951 117 2017 cius
140 1971 342 2036 expromam,
365 1950 563 2017 exclamasse
585 1949 702 2016 fertur:
726 1949 874 2018 utinam
897 1949 1063 2037 populus

50 2037 256 2107 Romalnus
279 2059 392 2104 uuam
410 2037 604 2106 ceruicem
626 2037 797 2106 haberat
845 2060 942 2126 saepe
964 2038 1064 2106 etiam

50 2127 89 2196 de
107 2126 295 2196 condicione
316 2130 501 2214 temporum
523 2148 656 2195 suorum
678 2131 874 2214 conquestus
896 2131 956 2216 est,
977 2127 1063 2217 quod

51 2217 149 2284 nullis
173 2216 414 2284 calamitatibus
436 2216 578 2304 publicis
600 2216 844 2304 insigniremur.
908 2252 911 2258 ·

116 2305 144 2373 0
175 2307 272 2373 beata
296 2305 451 2408 'germina
487 2305 643 2391 temporis
675 2304 868 2392 Christiani,
903 2309 1097 2393 quantumc

12 2393 276 2480 *praeualuistis
304 2415 341 2460 m
368 2395 466 2461 rebus
493 2392 660 2480 humanis,
691 2399 729 2460 nt
758 2395 858 2461 etiam
887 2393 1061 2462 crudelitas

12 2481 189 2552 'hominia
219 2483 325 2574 magis
354 2481 498 2572 potuerit
529 2481 635 2552 clades
667 2481 851 2552 desiderare
882 2505 982 2572 quam
1012 2483 1062 2552 in·
1094 2543 1109 2574 ‚.

49 2575 173 2642 ueniret
209 2596 282 2643 acce
310 2573 349 2642 de
377 2573 616 2662 tranquillitate
643 2574 789 2664 generali
817 2573 930 2642 feritas
952 2569 1092 2642 ieiuna'

49 2664 270 2750 conqueritur3
775 2744 783 2761 ι
836 2745 842 2759 Ι
897 2745 905 2762 ⁸

49 3012 133 3079 scrui
160 3012 298 3082 rebelles
326 3018 359 3081 ct
386 3012 519 3102 iogitini
546 3012 745 3103 gladiatores
768 3016 970 3100 perterruere
997 3011 1099 3080 ito-t

47 3123 143 3204 mam,
161 3106 306 3170 euertere
328 3103 468 3187 Italiam,
479 3101 637 3206 'Siciliam
660 3101 861 3206 deiecerunt,
874 3099 939 3168 iam
957 3122 1060 3204 paene

10 3191 489 3360 „ruruururrr
505 3189 1059 3363 rmum

49 3357 167 3458 uellere
193 3362 335 3446 quietem
361 3383 429 3428 oon
456 3365 566 3448 potest
591 3363 644 3430 uel
667 3361 789 3432 (laeam
816 3365 964 3434 infestus.
1004 3361 1094 3431 bico

51 3445 208 3527 siquidem
226 3467 344 3532 magno
358 3453 393 3514 et
405 3447 587 3518 incredibili
600 3455 762 3536 apparato
778 3452 944 3540 proiectus
962 3473 1059 3541 quas·

102 3551 467 3602 mammarum·
865 3563 899 3614 ιο
