2826 3784
440 125 636 181 ADVERSVH
653 125 819 180 PAGANOS
836 127 862 178 V
879 129 904 180 t.
923 131 949 180 4.
1144 122 1207 187 14Ὶ

100 301 128 350 ,ι
140 287 181 331 ¹⁸⁸
265 269 302 338 *A
325 269 380 356 pio
403 267 539 338 (llaudio
558 268 596 348 Q.
615 264 757 336 Caecilio
775 265 909 335 Metello
933 265 1121 336 consulibus
1140 266 1207 353 Ap·
1226 275 1243 330 τ

194 360 268 447 pius
291 292 446 426 deuotus
470 357 626 425 aduersm
649 353 800 422 Salassos
822 355 935 422 Gallos
957 375 1152 442 congressus
1174 359 1209 422 et

194 449 301 518 uictus
318 446 460 536 quinque
480 445 573 515 milia·
589 444 729 513 militnm
742 442 892 530 perdidit.
923 449 1076 532 reparata
1087 464 1210 534 pugna,

195 538 336 627 quinque
359 537 451 606 milia
472 536 617 606 bostium
639 531 766 604 occidit.
805 533 862 602 scd
885 557 957 603 cum
981 535 1073 603 iuxta
1096 535 1209 624 legam,

167 643 260 714 uque
286 628 499 695 constitutum
527 630 612 710 erat,
639 628 676 692 nt
703 623 839 709 quisque
867 625 1008 712 quinque
1036 625 1128 691 milia
1150 625 1209 691 bo-

194 715 294 782 stium
315 715 507 800 peremisset
524 709 746 799 triumphandi
764 709 1124 798 haberetspotestateur,
1145 712 1209 778 istc

82 858 84 864 .
215 822 321 890 noque
343 801 546 907 triumphum
570 799 758 886 expetisset,
783 802 917 885 propter
939 799 1109 885 superiore
1129 819 1208 866 uero

194 826 316 958 damna
346 911 412 957 non
443 889 698 977 impetrauisset,
729 884 845 954 infami
877 886 1078 975 impudentia
1110 891 1208 973 atque

193 979 372 1048 ambitione
394 1001 473 1047 usus
496 977 635 1065 priuatis
658 996 730 1044 sum
754 974 843 1044 tibus
865 975 1092 1064 triumphauit

153 1085 181 1128 ¹⁰
260 1068 297 1139 Il.
323 1068 465 1139 (laeoiliu
494 1066 627 1136 Metello
657 1066 696 1146 Q.
745 1064 821 1134 abiu
851 1064 993 1134 Maximo
1024 1063 1244 1134 Seruiliano⁸

193 1158 381 1229 oonsulibus
412 1159 499 1226 inter
529 1160 637 1225 cetera
668 1155 818 1243 prodigia
847 1154 1057 1244 androgynus
1084 1156 1208 1225 Romae

192 1249 283 1317 uisus
306 1248 396 1316 iussu
418 1245 626 1334 haruspicum
647 1245 683 1312 in
705 1265 794 1313 mare
812 1265 938 1313 mersus
956 1250 1015 1313 est
1051 1245 1107 1313 sed
1125 1243 1208 1314 nihil

191 1339 312 1425 impiae
322 1337 517 1424 expiationis
532 1335 717 1423 procumbo
731 1332 884 1422 profecit3
898 1356 976 1402 nam
989 1338 1084 1402 tenta
1097 1335 1207 1403 subito

192 1426 379 1513 pestilentie
397 1430 511 1493 exorta
528 1428 588 1509 est,
609 1427 647 1491 ut
668 1423 812 1490 ministri
835 1443 964 1512 quoque
986 1423 1208 1492 faciendorum

153 1515 342 1582 “lunarum
370 1515 514 1619 primum
529 1535 610 1606 ¹nou
638 1510 827 1580 sufficerent
853 1511 967 1579 deinde
994 1533 1062 1580 non
1085 1517 1207 1598 essent;

192 1603 322 1691 iamque
340 1607 440 1672 atram
458 1623 598 1692 magnae
615 1600 731 1670 domus
749 1621 874 1669 uacuae
890 1601 975 1669 uiuis
993 1601 1109 1688 plenae
1122 1623 1208 1669 mor·

193 1693 258 1760 tuis
277 1697 518 1760 remanserunt:
541 1691 745 1781 largissime
763 1691 941 1759 introrsum
958 1689 1157 1759 hereditates
1175 1695 1209 1760 et

192 1781 274 1849 nulli
319 1782 427 1848 enitns
444 1780 589 1848 heredes.
625 1779 764 1868 denique
782 1780 849 1847 iam
865 1801 933 1848 non
952 1779 1057 1847 solum
1075 1781 1110 1846 in
1128 1781 1207 1848 urbe
1225 1782 1244 1834 ⁸

191 1804 323 1938 uiuendi
350 1871 407 1938 scd
435 1869 536 1937 etiam
558 1867 840 1956 adpropinquandi
863 1868 905 1936 ad
927 1869 1041 1936 urbem
1063 1869 1206 1955 negeba-

151 1974 179 2020 so
191 1964 247 2027 tur
264 1958 413 2045 facultas,
435 1963 504 2026 tam
523 1957 613 2027 saeui
630 1979 689 2045 per
705 1962 812 2027 totam
833 1959 948 2026 urbem
970 1957 1207 2026 tabescentium

191 2049 252 2116 sub
281 2049 377 2116 tectis
407 2053 504 2136 atque
536 2048 571 2115 in
603 2046 715 2114 stratis
748 2047 815 2122 suis
847 2047 1041 2114 cadauerum
1072 2051 1207 2134 putores

190 2137 437 2206 exhalabantur.

256 2224 413 2312 Erpiutio
439 2223 499 2291 illa
521 2223 659 2292 crudelis
682 2227 717 2290 et
738 2224 827 2291 uiam
851 2223 1012 2291 mortibus
1036 2223 1205 2292 homiuum
1224 2225 1259 2278 ¹⁰

190 2318 295 2383 morte
317 2313 460 2382 bominis
483 2317 610 2381 succus
627 2312 760 2382 tandem
778 2312 936 2380 Romanis
953 2313 1039 2381 inter
1057 2313 1206 2382 miserias

101 2431 124 2473 r·
136 2415 178 2461 Ν
192 2426 269 2472 suas
287 2403 560 2488 erubescentibus,
579 2423 677 2490 quam
698 2399 825 2470 misera
842 2407 877 2469 et
893 2424 979 2470 uana
996 2408 1093 2490 esset,
1114 2403 1205 2472 inno-

149 2507 176 2551 κ
190 2492 263 2561 tuit
308 2494 386 2560 ante
413 2491 500 2560 enim
529 2492 564 2559 in
594 2491 786 2579 suffragium
815 2491 1073 2580 praeueniendae
1102 2492 1205 2561 cladis

189 2587 239 2652 est
256 2581 381 2670 habita,
398 2585 432 2651 et
450 2583 498 2650 sio
515 2581 705 2671 pestilentia
721 2586 898 2650 consecuta
915 2585 979 2670 est;
997 2603 1080 2670 quae
1093 2587 1205 2652 tamen

188 2673 259 2742 sine
290 2673 366 2741 ullis
399 2672 631 2741 sacrificiorum
663 2671 944 2740 satisfactionibus
975 2673 1204 2742 tantummodo

188 2762 363 2834 secundum
382 2785 570 2833 mensuram
587 2763 698 2832 arcani
716 2760 828 2831 iudicii
849 2761 979 2851 expleta
1000 2763 1204 2852 correptione

146 2869 176 2914 υ
188 2853 303 2922 sedata
316 2857 376 2922 est.
402 2875 500 2942 quam
515 2853 544 2920 si
558 2853 697 2921 mtidces
715 2853 766 2919 illi
779 2853 1091 2921 circumuentionum
1105 2853 1202 2922 baru-
1217 2857 1255 2909 1¹

187 2944 292 3034 spicas
306 2943 367 3011 sub
385 2943 458 3030 ipsa
475 2944 513 3010 ut
525 2941 674 3010 adsolent
686 2939 902 3010 declinatione
916 2941 1104 3011 morborum
1117 2944 1203 3012 forte

186 3033 415 3121 celebrassent,
437 3032 550 3137 procul
573 3029 672 3100 dubio
695 3031 760 3100 sibi
785 3031 836 3100 dis
860 3035 895 3100 et
918 3031 1035 3100 ritibus
1061 3033 1129 3102 suis
1153 3053 1202 3100 re·

39 3191 40 3198 χ
116 3184 119 3190 ,
185 3122 302 3192 ductae
315 3121 469 3190 sanitatis
486 3120 626 3210 gloriam
644 3119 873 3190 uindicasseut
908 3121 957 3189 ita
973 3123 1095 3190 misera
1113 3124 1147 3189 et
1159 3122 1201 3189 ad

185 3211 359 3299 sacrilegia
376 3211 462 3279 male
480 3209 634 3300 religiosa
651 3209 768 3278 ciuitas
787 3208 974 3298 mendaciis,
991 3211 1109 3299 quibus
1123 3211 1202 3278 libe·

144 3318 172 3363 rr
185 3301 252 3370 rari
274 3322 342 3369 nun
363 3304 508 3387 poterat,
529 3296 710 3369 ludebatur.

250 3388 358 3480 Ip'tur
378 3385 500 3457 Fabius
522 3389 637 3458 consul
659 3393 775 3457 contra
791 3385 966 3458 Lusitanos
988 3395 1022 3458 et
1034 3388 1198 3458 Viriatnm
1218 3392 1253 3447 1¹

184 3479 343 3546 dimicans
364 3476 519 3548 Bucoiam
542 3477 713 3566 oppidum,
734 3479 821 3566 quod
843 3476 993 3547 Viriatus
1015 3479 1198 3566 obsidebat,

984 3579 1039 3639 10⁸
