2800 3790
392 161 588 216 anvnmvn
605 160 771 215 Pedanos
789 160 831 214 111
848 163 928 214 2—4.
1122 155 1165 224 69
1305 146 1310 204 ζ

151 305 346 413 proeliisque
374 304 528 409 tabuisse.
573 303 800 372 doreutieaima
826 301 884 369 illa
909 307 944 408 et
965 301 1168 406 totinatnnc
1188 309 1221 361 ιι
1307 365 1312 398 3

152 390 1168 568 nuumuutfflu

154 576 327 646 cumuentu
348 571 446 640 mulie
467 569 650 641 inmaturae
672 571 789 640 minere
813 570 1014 659 expendebat
1030 573 1169 639 aetatee:
1255 635 1270 656 ,

125 671 188 733 eet
232 667 388 731 ueruntnr
409 684 495 731 nunc
513 663 672 746 hominen,
695 685 832 751 qnorum
850 663 990 730 refertae
1007 660 1117 749 puerie
1135 663 1169 727 et
1188 669 1222 722 u
1309 739 1311 750 Α

152 754 222 821 aeni
245 775 284 820 ua
306 751 457 820 ciuitates
481 772 594 820 secura
612 752 766 819 iuuenum
807 751 1046 840 eregrinatioue
1064 749 1169 818 ditan-

152 847 206 910 tur
235 841 444 928 pacificiaqne
471 841 635 909 exercitiia
662 839 772 928 etipen
793 841 827 907 ia
854 839 1052 907 domesticae
1079 838 1170 907 uolu-

151 929 255 1019 ptatis
282 929 472 1018 adquiruuti
504 929 570 998 nini
598 929 682 998 iorte
706 963 749 980 -
774 934 812 996 nt
834 928 986 996 adsolent
1007 929 1168 996 humanae

154 1019 370 1087 mutabilitati
391 1019 503 1087 omnia
525 1019 656 1086 eordere
679 1017 862 1104 praecentio
880 1053 923 1067 —
942 1018 1104 1086 nouitatee
1122 1038 1169 1084 re·

112 1126 140 1170 ro
152 1129 225 1262 Eum
247 1112 323 1174 actu
345 1107 520 1196 audituque
544 1107 766 1194 prurientibus
784 1107 858 1194 ipae
875 1107 975 1173 etiam
993 1107 1062 1174 uita
1078 1106 1169 1173 iaeti-

174 1196 208 1264 io
230 1200 289 1263 eet
1174 1237 1179 1248 ·

219 1284 318 1351 Anno
341 1284 384 1352 ab
406 1284 485 1351 urbe
507 1284 638 1352 condita
656 1299 832 1352 ccccxxvr
850 1283 1044 1352 eaeuieeimo
1062 1287 1206 1351 terrae!
1309 1293 1314 1304 ·

152 1375 244 1439 motu
261 1370 388 1440 Achaia
410 1373 565 1439 uniuersa
586 1393 745 1440 concanae
767 1377 818 1438 cot
838 1381 873 1439 et
894 1372 978 1440 dnae
998 1377 1075 1440 tunc
1093 1371 1170 1440 ciui·

152 1464 247 1545 tatea,
272 1459 306 1527 id
328 1466 380 1528 eat
401 1459 512 1529 Ebora
534 1465 568 1528 et
589 1459 712 1547 Helice,
735 1460 884 1547 abruptio
906 1462 1052 1529 locorum
1074 1461 1178 1529 hiati·

114 1548 215 1615 arbua
239 1549 421 1617 deuoratac.

220 1638 267 1705 At
288 1658 350 1726 ego
373 1659 460 1706 nunc
478 1660 495 1707 e
514 1639 678 1707 contrario
697 1643 845 1725 peterem
864 1639 985 1708 cimilia
1002 1639 1038 1708 in
1055 1640 1168 1709 diebus
1187 1651 1205 1702 a

64 1755 87 1798 r
100 1744 140 1788 ue
153 1729 274 1795 nostrie
292 1726 378 1816 apud
397 1725 728 1816 Constantinopolim,
746 1751 847 1818 aeque
869 1728 972 1798 imodo
991 1730 1169 1820 principem

154 1816 312 1905 gentium,
335 1818 504 1904 praedicta
525 1824 559 1886 et
581 1818 669 1887 iacta
690 1819 748 1886 aed
770 1841 838 1888 non
860 1819 1004 1907 perfecta
1025 1843 1169 1911 narrare,

152 1927 225 1974 cum
256 1912 334 1995 poet
359 1908 845 1978 terribilemaedenuntiationem
872 1909 1169 2000 conscientiamque

112 2013 141 2060 ao
153 1996 233 2065 mali
257 1997 307 2065 eui
325 1997 505 2086 praesciam
524 1999 636 2068 eubter
653 2004 819 2068 commota
835 1997 980 2069 iunditue
998 2005 1086 2070 tarra
1103 2005 1169 2072 tuc-

90 2151 92 2158 ,
153 2092 258 2156 meret
278 2093 312 2156 et
329 2088 468 2175 deauper
485 2088 559 2157 inan
576 2088 711 2158 caelitus
729 2089 861 2159 flamma
878 2091 1044 2179 penderet,
1065 2093 1169 2163 donec

152 2177 355 2247 orationibus
374 2178 505 2247 Arcadii
522 2179 679 2267 principie
698 2185 732 2248 et
749 2181 861 2270 populi
878 2179 1059 2251 Chrintiani
1076 2205 1167 2272 prae-

42 2279 46 2288 '
152 2272 277 2354 sentem
300 2267 517 2357 perditionem
540 2269 629 2338 Deua
653 2277 804 2340 exoratua
827 2276 1001 2361 auerteret,
1022 2276 1204 2364 probante
1318 2317 1322 2332 ·

151 2379 186 2425 ee
215 2359 322 2427 ectum
350 2381 420 2426 eaae
443 2365 477 2428 et
499 2364 761 2429 conseruatorem
785 2362 958 2431 humilium
981 2368 1015 2432 et
1036 2365 1169 2451 punito·

110 2462 138 2507 ro
151 2468 219 2514 rem
242 2448 413 2516 malorum.
452 2450 509 2517 eed
532 2449 613 2518 haec
635 2454 673 2518 ut
694 2458 948 2520 commemorata
970 2453 1039 2522 eint
1061 2455 1168 2544 magia
1248 2515 1251 2520 .

13 2618 14 2650 1
152 2537 424 2694 quamtexplicita
445 2539 658 2696 nerepuudiae
681 2543 896 2697 {onceeeenim
918 2547 956 2610 ut
976 2545 1085 2632 etqui
1105 2543 1167 2612 ecit

13 2653 15 2692 ι
150 2647 224 2693 reco
237 2649 258 2691 a
296 2649 313 2694 e
373 2650 407 2695 ur
428 2649 518 2697 necor
555 2650 685 2716 rnanm
1173 2651 1179 2664 ·

215 2713 344 2783 Interea
408 2717 508 2803 mani,
526 2717 582 2804 qui
600 2739 659 2803 per
676 2721 886 2806 acptnaginta
904 2742 1008 2788 annon
1028 2721 1070 2788 ab
1084 2685 1202 2791 urba't

14 2847 15 2874 ι
149 2799 356 2887 Vulscorum,
382 2810 550 2891 praeterea
571 2804 773 2874 Faliaeornm
796 2807 984 2894 Aequorum
1007 2813 1041 2877 et
1063 2807 1166 2878 Sntn'·

109 2901 265 2956 ”norum
288 2891 414 2959 anbacti
437 2896 471 2960 et
492 2893 605 2960 adtriti
623 2893 767 2962 adsiduis
787 2895 880 2963 bellic
900 2895 1183 2986 conficiebantur-,2

15 2992 18 3010 ¹
48 3011 50 3018 1
148 2978 281 3046 tannem
302 2980 337 3048 in
359 3003 458 3069 eupra
480 2981 610 3069 scriptia
633 2980 748 3050 diebue
767 2980 907 3052 Camillo
930 2984 1011 3052 duce
1033 2986 1164 3056 eandem
1300 3007 1304 3016 ·

17 3101 20 3137 :
148 3087 261 3154 cepere
292 3069 442 3138 cinimtee
469 3076 503 3139 et
533 3071 678 3140 rediuiuo
710 3073 810 3140 finem
841 3073 957 3143 dedem
982 3075 1163 3144 mrtamini.

13 3185 14 3240 j
147 3153 378 3228 Praenestime
401 3159 501 3228 etiam
524 3159 637 3230 eodem
654 3165 721 3230 tem
746 3183 811 3248 ora,
832 3163 888 3252 qui
906 3184 1008 3253 neque
1026 3163 1069 3232 ad
1085 3173 1199 3253 por-t

13 3251 21 3319 t
147 3249 215 3316 tam
245 3247 369 3317 Romae
404 3248 556 3320 bellando
592 3255 627 3318 et
659 3183 821 3321 caedendo
853 3257 1085 3341 peruenerant,
1121 3253 1161 3321 ad

105 3336 266 3408 onumen
288 3337 423 3408 Heliam
445 3339 484 3411 Τ.
507 3339 642 3423 Quintio
664 3346 832 3432 pugnante
855 3343 1010 3414 uicerunt

13 3507 15 3524 μ
56 3452 79 3495 r
94 3440 134 3486 ιν
215 3427 320 3498 ¹Anno
342 3428 385 3497 ab
408 3429 488 3500 urbo
510 3431 641 3501 condita
663 3449 879 3502 cccuxxxml
900 3433 937 3502 Iu
959 3433 1104 3504 Genucio
1127 3437 1198 3504 ott

13 3537 14 3568 ³
145 3512 182 3594 Q.
201 3515 341 3587 Seruilio
362 3518 551 3590 consulitur
567 3521 683 3610 ingene
701 3522 887 3591 uniuersam
901 3522 1042 3593 Romam
1058 3521 1162 3612 pecti-
