2714 3788
338 73 533 126 anvsasvn
551 71 716 126 raosnos
735 73 789 126 vn
807 77 832 130 r.
850 57 891 130 ιζ
1052 69 1116 136 247

108 215 244 286 orueiari
266 213 439 301 imperauit
459 213 630 302 ipsumque
647 235 766 281 nomen
785 213 965 299 exstirpare
982 217 1118 282 conatus

109 303 314 372 beatissimos
338 299 461 369 Christi
489 302 659 389 apostolos
687 301 819 370 Petrum
847 325 955 388 ornes,
982 301 1118 370 Paulum
1265 365 1288 397 ,1

107 392 217 483 gladio
254 390 382 461 ooeidit
435 412 511 460 mox
547 391 725 459 aceruatim
761 389 914 458 miseram
950 391 1118 459 ciuitatem
1137 402 1171 455 ιι
1265 400 1288 503 j¹
1353 413 1354 418 ¹

108 484 242 552 obortae
269 481 410 568 undique
432 502 621 568 oppressere
644 481 759 550 olades.
804 503 880 549 nam
903 481 1118 568 subsequente

81 576 263 640 sautumno
293 574 388 638 tenta
416 571 490 638 urbi
512 569 701 658 pestilentia
728 569 888 654 incubuit,
917 578 955 637 nt
983 571 1119 658 triginta

107 661 199 728 milia
220 660 369 726 iunemm
387 660 420 725 in
438 659 600 726 rationem
619 657 783 727 Libitinae
802 659 960 726 uenirent
991 658 1119 726 Britan·
1268 721 1271 737 ,

108 751 182 818 nica
208 749 324 816 deinde
351 747 459 816 clades
482 769 499 814 e
523 747 664 836 uestigio
687 747 818 833 accidit,
845 770 909 836 qua
935 749 999 815 duo
1027 770 1119 834 prae·
1198 809 1201 814 .
1264 745 1280 812 ἰ

108 841 203 925 oipua
216 837 337 926 oppida
351 857 470 925 magns
483 835 602 905 oinium
620 837 845 924 sociorumque
863 835 953 905 olade
972 842 1006 904 et
1023 835 1119 904 caede

108 929 236 1014 direpta
257 930 342 993 sunt
387 927 616 1012 praeteream
643 927 768 993 oriente
791 926 921 1013 magnis
944 925 1118 993 Armeniae
1137 935 1173 989 ιι
1277 953 1280 967 ·

70 1015 283 1103 oprouineiis
312 1015 442 1082 amissis
465 1014 632 1082 Romanae
655 1014 800 1102 legiones
823 1015 885 1082 sub
908 1015 1019 1101 iugum
1043 1013 1119 1081 Por-

108 1105 230 1172 thienm
261 1103 392 1183 missae,
419 1125 440 1170 a
518 1126 580 1192 que
603 1101 699 1190 Syria
726 1107 854 1170 retenta
877 1109 936 1171 est
980 1104 1015 1170 ia
1039 1103 1118 1170 Asia
1227 1165 1230 1170 .

93 1197 173 1260 'tres
192 1192 299 1278 nrbes,
316 1192 379 1260 boo
397 1195 448 1258 est
494 1193 619 1261 aodioia
634 1191 817 1279 Hierapolis
832 1191 995 1278 Colossae,
1013 1197 1119 1258 terrae

108 1287 198 1348 motu
226 1281 443 1348 oonoiderunt
492 1286 632 1349 otnero
660 1279 747 1347 Nero
774 1287 947 1367 postquam
977 1280 1115 1348 Galbam
1137 1290 1170 1343 ιι

107 1369 142 1434 in
165 1369 326 1454 Hispania
349 1369 579 1452 imperatorem
601 1373 747 1435 oreatum
770 1369 812 1435 ab
835 1369 976 1436 exereitu
998 1389 1119 1454 eogno-
1210 1415 1214 1422 -

70 1457 166 1543 onia
187 1460 277 1523 totus
300 1455 409 1524 animo
432 1478 470 1524 so
493 1479 551 1542 spe
573 1456 723 1524 eonoidit
758 1477 895 1542 eumque
917 1455 1119 1523 incredibilia

109 1543 354 1630 perturbandae,
377 1544 476 1610 immo
498 1544 702 1612 subruendae
725 1545 920 1628 reipublicae
944 1545 1029 1610 mala
1052 1566 1119 1611 mo·

109 1631 235 1712 litetur,
261 1631 368 1698 hostis
391 1653 411 1696 a
434 1635 549 1697 senatu
572 1631 802 1717 pronuntiatus
825 1637 859 1698 et
881 1631 1118 1717 ignominiosis·

110 1719 189 1784 aime
212 1717 355 1808 fugiens,
384 1717 426 1784 sd
449 1723 600 1804 quartum
624 1719 666 1785 ab
689 1717 768 1784 urbe
791 1719 932 1803 lapidem
956 1739 1026 1784 sese
1048 1718 1119 1803 ipae

110 1807 285 1889 interiecit,
311 1810 409 1893 atque
436 1807 470 1872 in
501 1827 540 1872 eo
569 1806 674 1873 omnis
698 1803 873 1873 Caesarum
897 1804 1022 1872 familia
1042 1827 1119 1872 oon·

23 2008 44 2048 a
56 1904 97 2035 ‘ll
110 1900 346 2049 eunpptpnpatpb
369 1981 448 2048 urbe
470 1981 603 2049 condita
624 1997 816 2048 nocoxxnn
833 1981 939 2049 Galba
956 1980 1043 2068 apud
1063 1981 1154 2048 lli-0

110 2071 240 2160 spanias
271 2071 445 2158 usurpauit
474 2070 654 2157 imperinm.
703 2071 759 2159 qui
790 2092 879 2157 mox,
911 2073 948 2137 ut
978 2069 1120 2138 Neronis

109 2167 248 2228 montem
271 2161 431 2246 conperit,
458 2158 597 2228 Romam
620 2161 722 2245 uenit3
749 2181 885 2248 eumque
908 2181 1021 2227 omnes
1044 2182 1119 2226 aua·

108 2249 185 2315 ritia
220 2249 357 2316 saeuitia
392 2249 595 2337 segnitiaque
632 2248 823 2335 offenderet,
863 2247 1014 2316 Pisonem
1056 2248 1119 2315 sibi

70 2349 96 2392 ὓ
109 2338 252 2405 nobilem
280 2337 538 2424 industriumque
566 2337 803 2406 adnleseentem
831 2339 866 2406 in
895 2338 997 2405 filium
1021 2341 1119 2425 atque

41 2423 43 2428 ’
108 2426 143 2492 in
165 2448 302 2514 regnum
325 2426 507 2514 adoptauitt
530 2450 603 2494 oum
622 2448 686 2513 quo
705 2427 844 2515 septimo
862 2448 972 2495 mense
990 2426 1118 2515 imperii

111 2516 160 2582 sui
183 2517 225 2583 ab
248 2515 377 2584 Othone
400 2517 568 2604 iugulatus
591 2521 650 2584 est

175 2605 250 2672 Luit
272 2604 378 2674 Roma
399 2607 550 2674 caedibus
573 2606 755 2693 prinoipem
778 2605 989 2693 excitat-isque
1011 2605 1151 2673 emili-¹

108 2693 168 2760 bus
192 2694 286 2761 bellis
314 2699 458 2762 reeentes
480 2694 686 2762 christianae
713 2693 881 2780 religionis
911 2693 1059 2778 iniurias,
1085 2703 1120 2761 et

70 2793 97 2837 ιι
110 2782 206 2869 signa
227 2781 285 2849 illa
307 2783 483 2870 legionum,
504 2805 586 2870 qnae
606 2784 666 2849 sub
685 2783 827 2848 aduentu
844 2782 879 2849 in
898 2782 1011 2850 urbem
1030 2782 1118 2850 Petri

108 2871 247 2956 apostoli
276 2870 434 2939 diuinitus
464 2871 628 2952 oohereita
659 2871 796 2938 conuelli
825 2871 916 2938 nullo
946 2870 1042 2938 modo
1066 2872 1117 2938 'ad

109 2959 316 3026 excitandum
338 2962 433 3029 ciuile
456 2960 577 3028 bellum
600 2960 782 3044 uoluerant,
804 2959 889 3047 quod
911 2980 970 3046 per
992 2958 1118 3028 Scribo·

108 3046 242 3150 nianum
266 3051 451 3135 parabatur,
473 3049 571 3152 Petro
589 3049 624 3115 in
643 3049 731 3152 urbe·
740 3047 912 3116 interiecto
930 3053 964 3116 et
981 3047 1117 3116 Christi·

69 3138 753 3312 „ffitdrlbtitt'tiiiffltt
767 3142 897 3291 tt?
916 3137 1154 3310 tilieti.

109 3327 173 3452 ppo
191 3329 267 3374 mox
285 3331 440 3394 oppresso
458 3312 545 3379 Otho
564 3313 697 3392 Romae,
711 3311 864 3379 Vitellius
882 3313 916 3379 in
935 3311 1118 3396 Germanis,

141 3393 330 3474 espasianus
348 3397 384 3460 in
397 3394 493 3481 Syria
511 3396 648 3481 imperia
666 3399 762 3464 simul
782 3405 879 3482 atque
897 3420 988 3464 arma
1004 3419 1118 3486 rapue-
