2820 3778
317 69 514 123 rnvnmvu
531 67 696 122 recurres
714 69 770 123 nn
789 73 831 124 aa
851 71 894 125 1e.
1057 63 1122 132 125

16 239 40 281 a
53 229 94 273 Ν
175 211 281 279 lAnno
305 211 347 278 ab
370 211 449 278 urbe
471 210 603 279 condita
626 229 699 280 oxa
717 210 754 278 L.
772 211 930 278 Aemilius
948 209 1071 278 Paulos
1088 213 1123 277 et
1137 215 1177 274 lt

105 300 142 368 P.
160 299 332 368 Terentius
351 297 459 367 Varro
482 300 630 367 eonsules
652 303 768 367 centn
785 298 1006 367 Hannibalem
1028 298 1123 366 missi

106 389 303 475 inpatientia
324 386 486 456 Varronis
509 388 651 455 considis
680 387 901 454 infelicissime
929 387 1017 473 apud
1040 385 1123 456 Can·

106 497 167 543 nas
191 475 332 562 Apuliae
358 475 466 543 uicum
490 496 603 543 omnes
625 497 729 562 paene
751 473 958 542 Romanaes
1001 475 1014 540 i
1036 475 1122 541 uires

78 564 324 654 sperdiderunt
367 587 445 634 nam
472 564 508 634 in
530 585 569 633 ea
590 583 701 654 pugna
722 581 822 633 xum
845 563 936 634 milia
1009 573 1158 632 mano-t

105 679 178 725 rum
197 655 367 725 interfecta
390 659 477 742 sant,
499 678 696 744 quamquam
719 658 753 722 et
775 655 815 723 de
837 656 981 725 exercitu
998 653 1123 722 Hanni·

105 746 191 810 baiis
213 765 336 831 magna
352 767 429 830 para
448 766 543 811 cassa
561 749 622 810 est
657 744 749 810 nullo
767 749 877 810 tamen
896 744 1019 812 Punico
1037 744 1123 811 bello

105 830 246 899 Romani
273 832 355 900 adeo
383 832 425 899 ad
452 836 599 899 extrema
625 830 854 898 internecionis
882 830 1016 898 adducti
1038 834 1124 897 aunt

105 921 204 1008 periit
226 920 312 988 enim
335 921 370 987 in
393 941 432 988 eo
455 921 568 988 consul
592 919 751 988 Aemilius
774 919 912 1007 Paulus,
933 919 1158 988 consularest

66 1027 94 1070 ιο
106 1013 165 1077 aut
185 1011 342 1114 praetorii
364 1010 427 1077 uiri
449 1009 570 1096 uiginti
594 1008 759 1077 interfecti
778 1013 863 1096 sunl,
885 1012 1052 1078 senatores
1070 1008 1123 1076 uel

106 1103 195 1184 captu
223 1099 277 1164 uel
305 1098 403 1165 occid
432 1103 510 1165 sunt
540 1097 691 1184 triginta,
722 1097 849 1164 nobiles
880 1097 945 1164 uiri
975 1097 1125 1182 trecenti,

106 1185 305 1270 pedestrium
324 1185 467 1252 militum
485 1203 533 1252 xa
551 1184 652 1272 milia,
674 1185 821 1272 equitum
839 1185 904 1251 tria
922 1185 1015 1251 milia
1031 1185 1124 1272 quin·

106 1273 207 1361 genti
247 1271 354 1342 Varro
377 1274 490 1342 consul
514 1295 588 1340 aum
611 1273 849 1362 quinquaginta
871 1273 1036 1360 equitibus
1059 1270 1125 1339 Ve-

107 1363 237 1430 nusiam
268 1361 365 1451 fugit.
407 1383 468 1430 nee
495 1362 629 1430 dubium
656 1367 706 1430 est
734 1362 886 1430 ultimum
914 1363 1008 1430 illum
1037 1361 1161 1429 diemo

69 1450 249 1519 ultumam
271 1455 377 1519 status
400 1450 546 1518 futurum
569 1451 684 1538 inisse,
712 1451 741 1518 si
762 1449 929 1518 Hannibal
952 1473 1027 1519 mox
1071 1454 1126 1518 ost

107 1541 279 1608 uictoriam
301 1541 342 1608 ad
364 1539 606 1627 peruedsndam
630 1541 744 1608 urbem
766 1540 997 1608 contendisset
1067 1551 1161 1606 ant

106 1628 199 1695 nibal
216 1629 252 1696 in
274 1627 500 1697 testimonium
522 1629 680 1696 uictoriae
703 1651 781 1698 suae
803 1632 870 1696 tres
893 1627 1021 1697 modios
1045 1649 1123 1695 anu·

108 1716 215 1784 lenum
238 1737 409 1785 aureorum
431 1715 534 1784 Carth
580 1716 663 1785 'nem
686 1717 785 1804 misit,
806 1739 888 1805 quos
911 1738 951 1785 ex
973 1716 1124 1784 manibus

108 1804 356 1874 interfectorum
378 1805 526 1894 equitum
600 1827 772 1875 manorum
795 1811 1046 1895 senatorumque
1068 1803 1122 1872 de·

70 1898 264 1962 retraxerat.
313 1915 415 1981 usque
446 1893 528 1962 adeo
560 1899 669 1962 autem
700 1895 819 1962 ultima
849 1895 1034 1982 desperatio
1066 1895 1162 1962 rei-o

107 1982 257 2070 publicae
279 1982 365 2068 apud
385 1981 533 2051 residuos
551 1981 719 2052 Romanoa
741 1983 813 2070 fuit,
835 1986 872 2049 ut
895 1988 1062 2051 senatores
1084 1981 1126 2050 de
1223 1995 1224 1998 ’
1341 2024 1344 2049 ;

20 2095 43 2137 a
56 2087 96 2131 aar
109 2070 322 2159 relinquenda
353 2069 450 2138 Italia
486 2070 682 2158 sedibusque
717 2071 910 2159 quaerendis
946 2069 1126 2140 sommum

109 2161 284 2228 ineundum
302 2160 459 2246 putarint.
496 2159 582 2266 quod
601 2163 733 2230 auctore
746 2160 888 2230 Caecilio
901 2159 1035 2230 Metello
1049 2183 1127 2229 eon·

108 2250 274 2318 firmatum
301 2249 431 2338 fuisset,
457 2248 522 2318 nisu
545 2247 716 2319 Cornelius
739 2248 848 2339 Scipio
875 2251 1026 2320 tibanus
1047 2255 1127 2318 tine

69 2357 96 2401 re
109 2340 265 2427 militum,
283 2339 380 2430 ,idem
413 2340 469 2428 qui
501 2345 578 2428 poet
609 2340 797 2428 Africanus,
829 2341 983 2411 destricto
1015 2339 1126 2431 gladio

108 2430 321 2498 deterruisset
346 2450 385 2496 ac
411 2430 522 2515 potius
551 2451 611 2516 pro
637 2430 765 2516 patriae
792 2429 980 2499 defensione
1008 2432 1043 2498 in
1067 2451 1127 2497 aua

51 2593 54 2600 ,
108 2519 211 2586 uerba
232 2519 340 2586 iurare
364 2519 532 2607 coegisset
578 2515 717 2587 Romani
740 2517 783 2586 ad
805 2541 898 2608 spem
920 2520 1007 2588 uitae
1031 2519 1161 2608 quasit

108 2609 150 2676 ab
173 2606 289 2675 inferis
310 2609 473 2694 respirare
496 2607 569 2677 ausi
590 2608 783 2677 diemtcrem
805 2607 976 2677 Decimum
997 2608 1127 2677 Iunium

109 2701 234 2765 areant:
262 2697 319 2784 qui
345 2697 466 2765 dilectu
489 2696 604 2766 habito
627 2698 669 2765 ab
692 2699 787 2766 annis
809 2697 920 2766 decem
943 2702 978 2766 et
999 2702 1125 2785 septem

68 2785 302 2855 ”immaturae
331 2787 601 2876 inordinataeque
630 2787 767 2856 militiae
796 2791 952 2877 quattuor
978 2787 1126 2878 legiones

107 2876 332 2966 undecumque
368 2877 541 2946 contraxit
589 2879 669 2947 tune
705 2877 804 2946 etiam
840 2899 953 2947 seruos
989 2877 1162 2967 spectatis

110 2967 237 3036 roboris
259 2989 298 3036 ac
321 2967 503 3036 uoluntatis
526 2967 581 3036 uel
603 2967 734 3036 oblatos
757 2967 820 3056 uel,
842 2968 872 3038 si
888 2969 936 3037 ita
954 2989 1035 3058 opus
1054 2968 1128 3056 fuit,

108 3056 239 3144 publico
261 3057 368 3144 pretio
392 3062 520 3145 emptos
542 3057 603 3126 sub
626 3057 725 3126 titulo
743 3057 905 3127 libertatis
923 3063 1127 3128 sacramento

78 3195 83 3206 ·
110 3146 246 3216 militiae
269 3145 388 3237 adegit
429 3169 531 3235 arma,
553 3169 637 3236 quae
660 3147 803 3238 deerant,
825 3148 957 3238 templis
980 3148 1128 3219 deme·

69 3253 97 3297 ⁸⁶
110 3243 200 3324 runt,
228 3237 338 3328 egenti
364 3237 490 3307 aerario
517 3237 664 3325 priuatae
692 3259 771 3326 opes
797 3239 927 3308 miraeo
949 3243 1035 3310 aunt
1079 3240 1128 3309 ita
1271 3283 1276 3296 ·
1336 3234 1341 3276 ·'

110 3331 260 3412 equester
286 3327 380 3412 ordo,
406 3327 455 3395 ita
481 3326 577 3416 plebs
606 3328 735 3417 trepida
763 3328 867 3397 oblita
889 3329 1068 3398 studiorum
1090 3329 1127 3397 in

110 3435 281 3482 commune
299 3415 472 3484 wnruluit
506 3415 619 3484 Iunius
641 3438 769 3505 quoque
791 3419 933 3488 dictator
954 3419 1161 3508 antiquane
