2744 3800
277 115 473 168 snvnesvn
491 113 656 168 eremos
675 115 713 166 vr
732 118 774 170 ro.
793 117 837 168 eo.
1011 111 1077 177 221

69 279 234 344 ouansque
257 257 370 324 urbem
388 257 554 344 ingressus
573 256 684 324 omuie
701 257 869 343 superiore
887 256 999 343 populi
1017 255 1081 324 Ro·

69 347 157 413 meui
187 345 297 412 debite
326 343 492 430 donando,
520 343 703 410 litterarum
733 345 832 410 etism
862 344 1080 410 monumentis

68 433 215 518 abolitis,
242 432 433 498 censuisset:
456 431 491 496 in
513 431 626 497 diebus
649 431 730 516 ipsis
753 433 827 498 fons
850 432 914 498 olei
936 431 1080 516 largissi-

15 627 55 670 ω
68 519 316 676 iiffiiim'*
337 519 425 674 uiri*
449 517 1081 694 tatt'tttttt'ttztt‘itffi

42 699 105 764 sin
126 696 241 763 diebus
265 693 413 762 Gesseris
436 699 508 761 toto
532 695 610 760 orbe
632 695 799 782 reguentis
821 693 932 760 future
954 691 1078 760 Christi

67 784 223 851 natiuitos
250 782 414 848 destante
442 781 514 848 est?
550 779 699 848 Christus
726 783 813 848 enim
836 782 950 868 lingue
972 781 1080 868 gentis

67 871 144 958 eius,
167 873 201 938 in
224 892 289 958 que
311 873 346 937 et
366 891 407 937 ex
425 891 491 957 que
507 873 603 938 uetus
622 875 682 956 est
704 873 820 936 unctus
838 870 1081 956 interpretetur.

66 963 176 1048 iteqne
199 981 273 1028 oum
296 980 334 1026 eo
357 964 518 1045 tempore,
546 980 611 1045 quo
634 959 767 1027 Oeessri
794 962 953 1046 perpetue
979 958 1116 1026 tribu-r

29 1068 55 1110 ιο
67 1051 152 1118 nioie
173 1051 320 1135 potestus
343 1048 475 1114 deorete
496 1051 559 1132 est,
579 1047 703 1114 Romse
721 1049 795 1116 ions
815 1048 878 1115 olei
896 1068 956 1132 per
972 1050 1079 1114 totum

68 1138 152 1204 diem
180 1135 286 1204 fluxit:
315 1137 376 1202 sub
405 1135 589 1238 principatu
612 1133 759 1204 Cmssrn
783 1135 994 1221 Romanoque
1020 1135 1080 1201 im·

67 1225 157 1312 perio
179 1246 238 1310 per
260 1228 366 1290 totum
385 1223 481 1309 diem,
501 1223 565 1290 hoo
583 1229 634 1290 est
650 1245 709 1309 per
727 1244 823 1291 omne
840 1221 980 1290 Romsni
998 1227 1079 1289 tem·

66 1335 127 1400 pus
155 1312 299 1398 imperii,
330 1309 496 1379 Christum
527 1315 561 1378 et
589 1333 627 1378 ex
655 1331 694 1378 eo
721 1310 940 1396 Christianos,
969 1309 1002 1376 id
1029 1315 1080 1376 est

67 1404 199 1468 unctum
223 1403 321 1486 utque
344 1421 381 1465 ex
400 1421 439 1466 eo
458 1403 584 1485 unetos,
606 1398 645 1466 de
663 1399 832 1467 meritorie
849 1399 995 1484 tuburno,
1016 1398 1080 1465 hoo

29 1507 54 1552 u
68 1493 119 1555 est
140 1488 180 1554 de
202 1487 333 1573 hospite
354 1488 510 1574 lerguque
531 1487 693 1574 Euolesis,
719 1487 891 1554 effluenter
913 1491 1011 1572 utque
1033 1485 1081 1552 in·

67 1575 266 1645 cessabiliter
293 1596 500 1661 processuros
523 1574 803 1661 restituendosque
826 1597 884 1662 per
907 1572 1080 1641 Censorem

67 1686 180 1731 omues
198 1685 319 1746 seruos,
337 1664 393 1751 qni
411 1667 524 1730 tumen
542 1669 776 1750 eognosoerent
792 1664 958 1730 dominum
977 1685 1081 1747 suurn,

66 1758 262 1840 ceterosque,
280 1751 419 1838 quisine
439 1751 572 1819 domino
590 1751 822 1836 inuenirentur,
842 1751 939 1818 morti
957 1751 1080 1838 suppli·

67 1841 180 1927 oioque
188 1838 358 1924 dedendos,
368 1839 625 1927 remittendaque
636 1838 842 1907 subOeessre
851 1839 961 1906 debite
969 1859 1081 1924 peooe·

27 1931 173 1995 sotorum
191 1929 226 1993 in
244 1949 285 1995 es
301 1928 390 2012 urbe,
413 1927 447 1994 in
470 1949 535 2013 que
557 1931 773 2013 spontaneum
795 1927 941 1993 fluxisset
962 1926 1080 2010 oleum,

68 2015 310 2082 euidentissime
332 2015 398 2100 his,
425 2017 482 2100 qui
505 2015 738 2101 prophetarum
760 2036 857 2082 uooes
879 2036 946 2081 non
969 2012 1078 2080 nudie·

66 2103 156 2186 bunt,
178 2103 274 2206 signe
296 2103 332 2168 in
355 2102 445 2169 eeelo
468 2103 559 2169 etin
581 2107 669 2169 terre
691 2103 840 2190 prodigis
857 2101 1078 2187 prodiderunt.

132 2189 244 2258 Tertro
276 2193 403 2276 eutem,
439 2211 512 2257 oum
544 2191 657 2258 urbem
689 2189 897 2277 triumphans
928 2185 1114 2277 quintum⁸

67 2279 179 2346 oonsul
196 2279 363 2367 ingressus
382 2281 441 2364 est,
463 2301 502 2347 eo
521 2279 646 2348 seilicet
663 2280 724 2366 die,
741 2301 838 2366 quem
856 2300 956 2366 supro
973 2278 1078 2346 nomi-

27 2368 226 2454 sensuimus,
248 2389 321 2434 oum
344 2374 378 2436 et
399 2365 516 2435 lenum
538 2374 614 2456 post
635 2369 793 2436 ducentos
815 2389 919 2436 ennos
937 2367 1078 2455 primum

66 2457 135 2542 ipse
163 2457 281 2524 elausit
306 2461 339 2522 et
365 2456 580 2524 clarissimum
608 2457 688 2525 illud
712 2457 851 2545 Augusti
878 2476 997 2523 nomen
1023 2455 1078 2524 ed·

67 2546 217 2631 sumpsit,
252 2545 329 2633 quid
359 2545 486 2613 fidelius
515 2567 554 2614 so
583 2545 691 2613 uerius
721 2545 808 2613 orodi
839 2549 896 2612 sut
924 2545 1079 2632 cognosci

66 2639 186 2740 potest,
204 2635 471 2740 consumentibus
486 2634 528 2703 od
541 2638 669 2704 tentem
683 2634 981 2741 menifestetiouem
998 2655 1078 2722 pene

27 2829 54 2873 so
66 2745 204 2881 iiiimeii
220 2724 1078 2902 (iiiiiegiiriinhpuriispiiiiiiirisqiiisiniriiiteosrtiiitiirii

65 2899 175 2986 fuisse,
197 2903 252 2989 qui
270 2923 309 2970 eo
328 2900 389 2990 die,
412 2924 476 2990 quo
498 2901 557 2970 ille
579 2901 836 2970 manifestandus
857 2902 979 2971 mundo
1002 2905 1078 2990 post

64 2990 232 3077 paululum
255 2995 334 3078 eret,
357 2995 391 3059 et
411 2991 502 3079 peois
524 2991 655 3080 signum
678 2991 835 3079 praetulit
852 2995 885 3058 et
903 2989 1077 3078 potestatis

64 3099 183 3148 nomen
207 3080 411 3170 adsumpsit?
1245 3108 1248 3114 ·

131 3169 215 3248 Quid
247 3175 357 3238 eutem
388 3171 423 3237 in
455 3173 572 3258 querto
603 3169 725 3256 reditu,
760 3192 833 3239 oum
865 3170 960 3238 finito
992 3167 1112 3238 cau-s

25 3257 190 3326 umbrico
230 3257 316 3328 bello
357 3260 544 3347 1ieoetisque
581 3259 731 3327 omnibus
768 3259 920 3347 gentibus
957 3255 1077 3329 Cemer
1242 3271 1245 3284 ·

64 3346 177 3413 urbem
203 3347 347 3432 repetiit,
370 3348 411 3415 ud
434 3347 704 3416 contestationem
730 3348 816 3436 fidei,
844 3368 942 3436 quem
965 3365 1076 3434 expro-

65 3433 196 3513 mimus,
219 3435 327 3499 setum
350 3435 408 3520 sit,
429 3437 502 3521 ipso
526 3436 641 3503 melius
663 3435 777 3503 ordine
800 3438 992 3523 proferetur.

863 3539 916 3596 lt*
