2806 3788
372 146 569 201 ecunacum
586 146 752 200 rsomos
770 146 812 199 111
831 149 945 202 se-ao.
1123 139 1165 208 87

154 289 254 378 aegri,
274 289 404 355 uiribus
427 287 507 354 lassi
524 286 656 354 difficile
673 286 838 370 uicissent,
859 290 968 353 castra
985 286 1028 352 ob
1046 305 1167 353 memo·

154 379 238 447 riam
260 378 336 466 plus
360 376 457 444 solito
476 375 650 464 magnilica
667 373 889 443 condiderunt
925 373 1009 441 exim
1028 371 1203 441 Alexan-⁸

155 469 212 539 der
233 466 274 537 ad
296 488 425 536 amnem
439 467 615 555 Agesinem
633 466 754 555 porgit,
778 487 836 554 per
852 465 939 533 bunc
955 462 990 533 iu
1003 461 1168 533 Oceanum

156 559 340 627 tenebitur:
367 557 413 625 ibi
437 556 585 624 Gesonae
607 554 782 643 Sibusque,
809 576 890 643 quos
912 554 1071 623 Hercules
1093 575 1167 622 con·

65 676 89 718 a
102 663 141 706 1⁰1
155 646 252 732 didit,
273 645 447 734 oppressit.
492 646 569 712 hino
593 643 635 711 *ia
657 643 811 712 Mandros
834 648 868 710 et
889 642 1055 730 Subagrae
1076 643 1169 709 naui·

126 739 227 823 aget:
249 754 332 821 quae
356 739 470 822 gentes
494 754 568 801 eum
591 733 727 799 armatis
747 748 846 799 nm
868 731 999 798 milibus
1022 730 1167 818 peditum

153 827 189 890 et
216 840 264 890 nx
290 823 422 890 milibus
449 823 595 909 equitum
622 821 796 909 excipiunt
840 820 1014 888 commisso
1041 819 1202 907 proelior

154 913 210 979 diu
241 932 360 997 auceps
394 915 427 979 et
454 914 587 978 cruenta
613 931 724 997 pugna
749 909 882 977 tandem
909 909 1038 976 tristem
1065 929 1167 994 paene

155 1001 326 1066 uictoriam
348 997 582 1066 Macedonibus
605 998 703 1065 dedit.
743 1019 822 1065 nam
844 997 926 1064 lueis
948 997 1092 1064 bostium
1115 1016 1169 1064 co·

115 1103 142 1146 ιν
154 1087 218 1174 piis
236 1086 421 1154 Alexander
438 1087 616 1155 exercitum
634 1086 676 1152 ad
695 1085 809 1154 urbem
827 1084 934 1173 duxit3
956 1088 990 1152 et
1008 1105 1081 1152 cum
1099 1106 1170 1151 mu·

154 1197 240 1331 rutmo
249 1176 602 1332 primoploplglcertrdissst,
624 1196 761 1242 uacuam
782 1172 1204 1329 eilrpitatenrfrattuirshspssp:⁸

153 1284 896 1436 lcircuiuiib'iiimmttuinoileilibileoiiitrinmtqii
909 1282 1168 1418 climoeuonomul·

152 1439 258 1507 titudo
285 1440 443 1525 bostium,
469 1462 537 1508 nou
563 1441 614 1506 uis
638 1461 760 1527 magua
782 1440 936 1522 telorum,
966 1461 1032 1505 non
1055 1443 1167 1506 tautum

113 1542 141 1585 ιι
154 1527 382 1595 lacessentium
405 1529 528 1597 clamor
545 1529 707 1614 terruerit,
730 1527 821 1596 solus
839 1531 891 1594 tot
908 1525 1001 1593 milia
1017 1525 1169 1594 ceciderit

153 1616 346 1704 aufugerit
387 1621 423 1685 at
444 1618 501 1686 ubi
525 1639 559 1685 se
582 1616 677 1685 obrui
699 1639 719 1684 a
741 1615 937 1685 circumfusa
959 1614 1205 1684 multitudines

152 1707 326 1793 persensit,
358 1707 444 1775 muri
476 1707 567 1776 obice
600 1707 784 1794 posteriora
811 1709 955 1792 tutatus,
986 1706 1168 1774 contrarios

152 1794 280 1862 facilius
307 1816 346 1863 eo
373 1817 475 1883 usque
504 1796 674 1883 sustinuit,
701 1795 803 1864 donec
830 1795 872 1863 ad
894 1794 1075 1882 periculum
1097 1793 1168 1863 eius

152 1884 390 1973 clamoremque
407 1884 553 1953 bostium
570 1884 741 1974 perfractis
763 1885 864 1953 muris
882 1885 1041 1953 exercitus
1060 1883 1169 1953 onmis

112 1973 361 2062 ”inrumperet
406 1974 442 2041 iu
476 1997 515 2043 eo
543 1975 666 2062 proelio
693 1975 817 2062 sagitte
845 1974 906 2042 sub
933 1977 1224 2042 mammam-10

64 2089 87 2131 a
101 2079 140 2123 m
153 2063 265 2150 iectus,
286 2063 352 2131 lixo
375 2084 462 2154 genu
486 2063 627 2132 leatenus
651 2065 820 2151 pugnauit,
843 2063 945 2132 donee
968 2085 1041 2131 eum
1064 2087 1085 2131 a
1105 2084 1169 2150 quo

153 2153 343 2220 uulneratus
375 2156 461 2220 esset
492 2153 662 2221 occideret.
706 2152 781 2220 inde
813 2152 999 2221 conscensis
1029 2153 1169 2221 nauibus
1189 2165 1221 2216 ιι

153 2262 228 2308 cum
250 2240 372 2309 Oceani
395 2241 494 2309 litora
517 2246 715 2331 peragrsret,
738 2241 778 2309 ad
802 2241 916 2310 urbem
934 2241 1098 2330 quandam
1116 2241 1169 2309 cui

154 2329 293 2398 Ambira
323 2352 380 2398 rex
406 2335 556 2418 praeerat
582 2332 739 2418 peruenit
784 2331 841 2398 sed
868 2331 903 2398 in
930 2353 1014 2419 expu
1080 2330 1169 2398 tione

113 2419 299 2487 ”ciuitatis
330 2442 485 2509 maguam
516 2424 643 2508 partem
674 2419 833 2488 exercitus
864 2420 996 2508 sagittis
1047 2419 1168 2488 ostium

155 2529 280 2576 ueneno
303 2509 406 2576 inlitis
429 2509 548 2595 amisit,
570 2530 608 2577 ac
630 2515 707 2596 post
723 2509 826 2576 herba
843 2531 902 2596 per
920 2508 1084 2577 somnium
1105 2508 1169 2576 sibi

153 2603 285 2666 ostensa
302 2602 336 2666 et
353 2597 389 2666 iu
407 2603 523 2686 potum
540 2599 659 2667 mucis
677 2597 755 2666 data
772 2619 846 2667 cum
864 2596 998 2687 reliquis
1016 2597 1170 2666 subueni-

154 2694 253 2773 retur,
275 2689 388 2758 urbem
411 2687 616 2778 expugnauit
637 2695 672 2758 et
694 2687 788 2778 cepit.

220 2778 301 2846 Post
322 2779 416 2867 quasi
439 2781 635 2848 circumter
657 2784 745 2848 meta
767 2778 806 2846 de
825 2778 953 2847 Oceano
970 2776 1089 2846 ludum
1109 2778 1167 2846 ilu-
1182 2783 1222 2843 tt

114 2881 142 2926 π
155 2887 230 2934 meu
255 2866 434 2956 ingressum
461 2866 670 2956 Babylonem
694 2867 842 2937 celeriter
864 2867 970 2937 rediit.
1013 2868 1069 2935 ubi
1092 2879 1203 2936 cums

155 2957 382 3026 exterritarum
403 2957 505 3027 totius
530 2959 618 3027 orbis
641 2957 883 3048 prouinciarum
904 2959 1006 3047 legati
1024 2979 1066 3045 op
1090 2958 1169 3025 arie·
1224 3021 1227 3028 .

156 3045 289 3135 bantur,
319 3048 382 3119 hoc
413 3054 465 3118 est
493 3045 813 3138 Carthaginiensium
844 3047 1010 3137 totiusque
1101 3047 1169 3116 'cae

155 3135 338 3223 ciuitatum,
365 3136 422 3205 scd
450 3143 484 3205 et
505 3137 726 3224 Hispanorum
748 3136 916 3207 Gallorum
939 3135 1070 3205 Siciliae
1093 3135 1170 3205 Sar·

65 3248 89 3289 s·
102 3239 141 3283 m
154 3222 342 3312 diuinaque,
370 3221 539 3314 plulrimae
566 3231 734 3312 praeterea
761 3227 865 3313 partis
887 3224 1011 3293 Italiae.
1053 3230 1167 3293 tantus
1186 3236 1204 3288 a

113 3312 254 3381 “bnon
279 3313 316 3380 in
343 3337 469 3384 summo
496 3315 622 3383 oriente
649 3314 820 3385 constituti
846 3313 937 3382 dume
960 3313 1097 3402 populos
1119 3314 1178 3382 ul·'

154 3401 226 3467 timi
258 3403 435 3472 occidentis
466 3405 646 3490 inuaserat,
687 3410 725 3473 ut
755 3403 830 3471 iude
861 3403 1066 3491 peregrinam
1096 3406 1168 3471 tuto

154 3487 275 3556 mundo
290 3510 436 3560 cerneres
450 3492 660 3581 legationem,
678 3514 743 3583 quo
755 3493 812 3560 uix
824 3491 968 3560 crederes
980 3491 1169 3576 peruenisse
