2750 3800
36 109 113 190 l'·
246 133 314 202 216
485 137 593 191 ιιιιι
612 137 735 192 ceusu
752 137 1000 192 meromsavu

185 294 223 346 ιο
240 280 363 346 uidium
377 278 526 348 Caesaris
544 281 700 368 populum
718 279 929 347 concitarent
957 284 1125 366 praeterea
1137 279 1250 347 Achil-

239 368 290 434 las
312 368 378 434 dux
399 370 518 456 regius,
539 371 683 436 imbutus
707 368 807 435 semel
824 369 960 452 Pompei
983 369 1150 455 sunguine,
1172 366 1250 435 Oee-

238 455 322 523 eeris
339 476 466 542 quoque
479 477 590 522 necem
604 455 831 524 meditabatur.
860 476 937 521 nam
949 456 1058 522 iussus
1072 457 1250 522 exercitum

238 543 409 629 dimittere,
427 543 480 610 eui
497 549 656 631 praeerat,
673 543 792 630 uiginti
809 542 935 609 milium
953 547 1163 628 amatorum,
1184 564 1251 609 non

185 645 221 695 ιι
239 631 338 699 modo
360 631 485 717 spreuit
506 633 692 718 imperium,
719 652 831 698 uerum
859 636 893 698 et
918 631 1020 698 eciem
1043 631 1170 698 direxit
1214 631 1249 698 iu
1277 646 1291 689 ι

237 719 311 807 ipso
336 719 462 807 proelio
489 721 581 808 regia
606 719 721 787 classis
748 718 833 786 forte
861 718 1020 787 subducte
1046 719 1176 787 iubetur
1202 719 1250 786 iu·

237 807 341 876 cendi.
370 829 410 875 ee
426 809 557 876 flamma
574 831 649 876 oum
666 813 793 894 partam
812 829 940 895 quoque
956 809 1048 876 urbis
1067 809 1251 892 inuasisset,

238 896 477 984 quadringenta
505 897 597 965 milia
626 897 785 963 librorum
816 897 973 981 proximis
1003 897 1087 963 forte
1117 896 1250 963 aedibus

238 983 368 1052 condita
385 985 518 1064 exemit,
540 985 704 1072 singulare
722 983 869 1069 proiecto
887 989 1132 1052 monumentum
1151 985 1251 1050 studii

237 1093 397 1159 curaeque
419 1073 593 1158 maiorum,
619 1072 675 1160 qui
701 1075 754 1138 tot
775 1074 931 1158 tntaque
954 1071 1140 1139 inlustrium
1162 1072 1250 1158 inge·
1267 1088 1292 1128 ιι

184 1175 223 1224 ιι
239 1161 368 1228 nicrum
390 1183 490 1248 opera
512 1164 752 1248 congemerent
790 1159 876 1226 unde
895 1161 1075 1247 quemlibet
1091 1160 1251 1248 hodieque

237 1248 273 1315 in
295 1249 425 1335 templis
448 1253 569 1333 extent,
591 1270 673 1335 quae
695 1253 730 1314 et
746 1269 808 1315 nos
826 1248 976 1333 uidimus,
994 1249 1136 1316 armaria
1153 1248 1249 1314 libro-

236 1359 320 1421 rum,
341 1336 458 1424 quibus
482 1337 617 1424 direptis
640 1336 804 1403 exinanite
826 1357 866 1401 ea
886 1337 1045 1403 enostris
1063 1337 1251 1404 homiuibus

236 1424 359 1491 noem·
381 1425 583 1510 temporibus
605 1427 787 1490 memorent
812 1459 851 1471 -
877 1424 963 1511 quod
985 1423 1116 1510 quidem
1138 1445 1250 1489 uerum

237 1516 290 1580 est
309 1549 369 1600 -‚
399 1515 510 1581 temen
537 1511 706 1580 honestius
736 1509 877 1579 ereditur
905 1511 987 1579 alios
1017 1512 1119 1579 libros
1148 1511 1249 1579 irrisae
1265 1529 1290 1570 ιι

238 1602 414 1692 quaesitos,
432 1603 488 1689 qui
505 1603 661 1689 pristinae
679 1601 860 1669 studiorum
878 1623 973 1668 curas
992 1599 1251 1687 aemularentur,
1265 1630 1287 1669 ι.
1300 1617 1338 1661 ιιι

237 1713 336 1780 quem
354 1691 453 1760 eham
471 1692 572 1760 ullam
590 1690 782 1759 innotuisse
796 1690 1039 1775 bibliothecam,
1057 1712 1141 1778 quae
1159 1694 1252 1757 extre

238 1781 475 1870 quadringenta
492 1781 583 1849 milia
599 1780 757 1848 librorum
775 1779 876 1847 fuisse
895 1801 933 1848 ac
951 1803 1009 1866 per
1025 1780 1088 1848 hoo
1108 1779 1250 1848 euasisse

181 1883 220 1936 ιι
238 1871 396 1939 credatur.
427 1868 549 1939 Caesar
565 1874 680 1956 postca
696 1869 846 1955 insulem,
864 1869 920 1936 nbi
937 1869 1062 1937 Pharos
1081 1873 1140 1955 est,
1157 1868 1251 1954 cepit

238 1981 277 2029 so
303 1960 451 2028 Achillae
477 1982 551 2029 oum
578 1951 770 2042 Gabiniinis
798 1958 961 2025 militibus
991 1959 1088 2027 uenit
1134 1958 1250 2046 ingens
1263 1977 1291 2018 ιι

236 2071 350 2138 pugne
376 2050 550 2118 commisse
575 2055 638 2117 est:
665 2068 786 2136 magua
809 2047 856 2114 ibi
878 2046 1147 2116 caesarianorum
1170 2047 1252 2113 mili·

238 2144 309 2207 tum
326 2139 500 2206 multitudo
518 2138 643 2224 cecidit,
665 2159 777 2205 omnes
796 2137 895 2220 etiam
915 2137 1140 2205 interfectores
1159 2137 1253 2204 Pom·
1298 2150 1301 2155 ·

182 2240 221 2292 ιι
238 2229 293 2318 pei
321 2228 484 2296 interiecti
512 2232 598 2296 suut
643 2225 765 2294 Caesar
793 2227 827 2292 ui
856 2225 1078 2293 insistentium
1110 2226 1252 2294 hostium

238 2341 370 2407 pressus
385 2319 540 2404 scapham
554 2316 711 2384 escendit:
729 2338 795 2402 que
807 2337 882 2382 mox
896 2315 1038 2404 pondere
1057 2316 1253 2403 subsequen·

238 2409 321 2476 tium
339 2413 478 2497 musta
495 2429 534 2475 ac
551 2427 667 2492 mersa,
688 2405 920 2494 perducentes
937 2426 1055 2492 passus
1073 2406 1114 2472 ed
1132 2427 1250 2474 nauem
1265 2421 1292 2466 ιι

238 2521 305 2566 une
330 2520 430 2566 manu
456 2497 597 2584 eleuata,
623 2519 690 2584 que
716 2495 846 2563 chartas
874 2495 1019 2581 tenebat,
1044 2495 1154 2562 nando
1182 2515 1255 2582 per·

101 2621 105 2630 ·
239 2587 341 2673 uenit,
363 2609 439 2654 mox
456 2585 567 2653 naueh
586 2586 761 2652 cememine
779 2584 937 2671 pulsatus,
960 2606 1014 2649 ma
1061 2584 1254 2650 aielieitate

185 2679 227 2738 ιι
243 2677 379 2743 classem
402 2675 527 2762 regiam
549 2678 607 2739 aut
628 2672 787 2760 depressit
804 2675 863 2738 aut
884 2671 979 2759 cepit
1024 2671 1254 2738 Alexandrinis
1267 2699 1290 2739 r·
1304 2687 1339 2730 ιιι

241 2763 429 2850 petentibus
456 2782 565 2849 regem
593 2760 735 2828 reddidit
756 2760 931 2845 monitum,
957 2765 996 2826 ut
1018 2759 1124 2846 megia
1147 2758 1255 2826 amici·

123 2863 124 2866 ’
241 2851 326 2920 tiam
345 2851 527 2918 Romanam
549 2871 648 2937 quem
672 2871 765 2916 erma
786 2848 926 2935 experiri
948 2849 1105 2935 studeret3
1128 2846 1184 2936 qui
1206 2852 1254 2914 te·
1268 2865 1297 2907 ιι

241 2962 318 3008 men
344 2939 421 3007 ilico
448 2943 487 3006 ut
512 2938 595 3005 liber
620 2939 685 3005 fuit
710 2937 834 3004 bellum
861 2937 986 3023 intulit,
1016 2937 1073 3004 sed
1099 2935 1256 3004 contnuo

242 3050 315 3096 cnm
343 3032 416 3096 tcto
442 3026 586 3095 exercitu
613 3049 672 3096 suc
700 3031 735 3094 et
761 3025 831 3113 ipse
859 3024 983 3092 deletus
1005 3030 1066 3093 eet.
1110 3047 1187 3092 uam
1210 3023 1256 3091 ui·

268 3117 327 3186 'ti
359 3117 452 3186 milis
482 3117 651 3185 hominum
683 3115 717 3183 in
750 3137 789 3183 eo
820 3114 909 3182 bello
940 3135 1036 3183 essse
1064 3114 1257 3196 referuntur,

266 3207 413 3278 uodseim
426 3205 519 3275 milis
536 3228 610 3274 cnm
628 3205 837 3294 septuaginta
853 3204 963 3292 longis
980 3204 1120 3273 neuibus
1137 3201 1257 3288 dedita,

209 3296 417 3386 aquingenti
443 3319 483 3364 ex
510 3294 688 3365 uictoribus
715 3293 868 3392 cecidisse
895 3293 1057 3360 dicuntur.
1100 3315 1158 3360 rex
1186 3293 1257 3379 ipse
1270 3307 1298 3351 ιι

242 3388 431 3457 edulasccns
448 3385 570 3475 scapha
587 3389 740 3474 exceptus
763 3389 801 3452 ut
822 3381 957 3470 iugarat,
979 3380 1093 3450 multis
1115 3381 1257 3449 insilien-

242 3477 333 3547 tibus
367 3497 493 3546 mersus
524 3480 722 3563 amatusque
756 3476 820 3562 est3
854 3493 970 3560 eorpus
1001 3471 1070 3539 eius
1093 3470 1149 3538 ad
1179 3470 1257 3536 litus

1281 3703 1339 3734 A
