2744 3800
330 129 527 184 mussavit
544 130 708 185 rastros
726 131 779 185 vn
796 136 823 186 t.
841 135 866 188 b.
1028 129 1092 197 241

83 275 135 341 uel
162 273 272 359 potius
299 273 334 340 in
360 273 418 340 illa
444 272 606 341 horrenda
633 280 730 341 nocte
755 279 826 342 toto
854 276 943 342 caelo
966 274 1096 343 fulsisse

83 363 250 430 reseratur.
290 362 377 450 quod
404 383 472 430 non
499 360 605 430 solum
628 366 816 431 sanctorum
838 363 1095 451 Euangeliorum

83 452 172 533 fides,
194 449 250 518 sed
269 452 368 518 etiam
387 451 545 540 aliquanti
563 449 762 520 Graecorum
780 452 857 519 libri
879 452 1093 521 adtestantur.
1357 497 1358 544 3

82 543 148 609 iam
161 539 237 608 hinc
250 545 328 626 post
339 540 526 626 passionem
539 537 682 627 Domini,
701 563 797 627 quem
810 540 922 609 Iudaei
935 548 1094 628 quantum
1113 551 1149 605 ta
1280 563 1285 576 ·’
1357 555 1358 598 l

55 647 70 691 ι
83 631 117 697 in
130 629 209 716 ipsis
224 627 287 696 luit
300 631 460 715 persecuti
474 633 559 714 suut,
578 629 751 697 continuae
771 629 879 699 clades
892 629 1094 716 ludaeorum,

13 735 70 779 ,ιιι
83 718 185 786 donec
198 717 355 784 exinaniti
368 717 568 804 dispersique
581 715 1094 804 deficiantincesbabiliterstre·
1281 775 1285 785 .
1357 797 1358 804 χ

81 811 172 893 punt
198 805 348 874 ‘liberius
363 805 522 893 siquidem
536 806 738 873 iuuentutem
757 829 868 875 eorum
881 807 1094 893 perapeoiem
1113 815 1149 869 tt
1281 790 1286 882 ¹,

83 894 276 962 sacramenti
294 894 330 961 in
347 895 534 980 prouincias
552 894 715 982 grauioris
733 895 817 962 caeli
835 894 1002 984 relegauit,
1020 896 1095 964 reli-

83 1006 164 1073 quos
191 983 299 1072 gentis
327 982 472 1051 eiusdem
499 985 552 1050 uel
580 983 700 1053 similia
725 989 888 1053 sectantes
911 985 990 1052 urbe
1019 984 1094 1053 aub-

44 1073 185 1142 remouit
201 1072 263 1141 sub
280 1093 387 1160 poena
403 1076 579 1160 perpetuae
597 1073 775 1162 seruitutis,
793 1073 858 1142 nisi
874 1074 1094 1161 obtemperas·

81 1169 162 1232 sent
207 1184 284 1232 sane
314 1161 413 1231 Asiae
443 1163 593 1233 ciuitates
621 1162 679 1231 illo
709 1167 814 1232 terrae
843 1167 936 1233 motu
967 1164 1093 1233 dirutas
1113 1171 1148 1227 re

81 1255 204 1322 tributo
224 1254 357 1322 dimisso
375 1255 511 1340 propria
529 1253 628 1322 etiam
646 1255 843 1323 liberalitate
862 1255 1008 1327 donauit
1039 1255 1094 1323 bic

81 1343 242 1429 ambiguis
265 1341 369 1428 signis
392 1342 507 1409 ueneni
531 1342 622 1409 obiit.

146 1431 242 1497 Anno
266 1429 308 1497 ab
330 1428 411 1497 urba
434 1427 565 1509 condita
592 1445 707 1498 nccxc
734 1430 851 1498 tertius
878 1430 920 1499 ab
942 1428 1132 1520 Augustei

42 1535 68 1582 ιι
81 1519 181 1590 Gaius
208 1517 360 1609 Caligula
385 1539 522 1608 regnare
550 1519 658 1607 coepit
683 1521 868 1610 mansitque
895 1521 930 1588 in
957 1521 1094 1609 imperio

80 1611 174 1678 annis
205 1633 271 1676 non
303 1609 408 1696 plenis
441 1613 610 1696 quattuor,
640 1608 740 1677 bomo
771 1610 918 1678 omnium
949 1614 1026 1677 ante
1057 1631 1094 1677 se

79 1697 354 1786 flagitiosissimus
377 1700 412 1764 at
433 1697 492 1785 qui
513 1717 590 1764 uere
617 1696 736 1786 dignus
759 1697 918 1766 Romanis
941 1697 1093 1786 blaspha-

80 1787 243 1857 mantibus
271 1793 306 1856 et
330 1785 459 1857 Iudaeis
486 1787 748 1875 persecutoribus
771 1787 903 1876 punitor
925 1786 1092 1858 adbibitus

79 1879 249 1947 uideretur.
293 1879 361 1965 hic,
383 1884 421 1946 ut
443 1877 587 1946 breuiter
609 1877 869 1966 magnitudinem
891 1879 1092 1948 crudelitatis
1110 1879 1130 1931 ἱ

40 1969 146 2035 ”eius
170 1988 371 2054 expromam,
393 1966 593 2034 exclamasse
614 1966 731 2033 fertur:
756 1967 903 2035 utinam
926 1967 1093 2054 populus

13 2055 286 2125 ,mssomalnus
308 2077 420 2124 unam
439 2055 633 2123 ceruicem
655 2054 827 2126 baberet
873 2077 972 2144 saepe
993 2056 1094 2125 otiam
1241 2089 1245 2095 ·
1357 2125 1358 2146 ,

79 2145 118 2213 da
136 2144 324 2214 condicione
346 2149 529 2232 temporum
552 2165 685 2212 suorum
707 2147 903 2233 conquestus
925 2150 986 2234 est,
1007 2145 1094 2234 quod

79 2234 178 2303 nullis
202 2235 443 2332 calamitatibus
466 2233 607 2322 publicis
629 2235 873 2322 insignirentur.

145 2322 173 2390 0
205 2324 301 2428 beata
332 2323 480 2427 germina
516 2323 672 2428 temporis
704 2321 897 2428 Christiani,
932 2329 1127 2428 quantuma

41 2412 369 2592 bilbilis?
382 2411 887 2590 &illitidl’riicffi
911 2411 1091 2591 ξὲἓὲώζῗ

79 2593 202 2660 ueniret
221 2614 312 2698 'ecce
339 2591 378 2660 de
406 2591 645 2680 tranquillitate
673 2593 818 2680 generali
846 2591 960 2661 feritas
982 2591 1091 2660 ieiuna

78 2687 299 2768 conqueritur3
707 2765 785 2822 m
803 2762 843 2820 im
863 2764 907 2822 im
925 2763 1001 2821 im

39 2842 65 2886 Ν
174 2835 435 2894 Saeuascdeussu
473 2834 829 2892 rarmaeteentamnin
910 2833 989 2891 senis

172 2904 241 2964 Post
257 2909 368 2978 tergum
386 2923 406 2962 n
443 2923 469 2962 ιι
487 2904 586 2963 fremit
599 2904 730 2962 horridus
749 2921 798 2962 ora
816 2907 942 2962 omento.

77 3031 162 3098 serui
189 3032 327 3100 rebelles
355 3035 389 3100 at
416 3030 548 3120 fugitiui
575 3029 775 3119 gladiatores
797 3034 999 3118 perterruere
1026 3029 1127 3098 ito-a

77 3141 172 3224 mam,
190 3125 334 3188 euertere
357 3117 666 3224 Italiam-Siciliam
689 3119 890 3224 delacerent,
903 3119 969 3186 iam
986 3140 1090 3222 paone

38 3209 517 3380 „lttttllttlt‘tt
535 3206 1088 3380 tttttl‘tffitttttfltl?

77 3378 195 3446 uellera
221 3381 363 3465 quietem
390 3401 457 3447 non
484 3385 595 3467 potest
619 3382 673 3448 uel
696 3379 817 3450 Caesar
844 3381 993 3451 infestus.
1033 3380 1123 3449 hice

78 3461 235 3546 siquidem
254 3486 372 3550 magno
387 3471 421 3534 et
433 3466 616 3536 incredibili
628 3473 790 3556 apparatu
807 3469 973 3558 proiectus
991 3491 1087 3558 quae·

130 3569 495 3621 momenmentum.
894 3579 927 3630 ιο

13 3682 109 3718 -
