2826 3784
405 123 602 178 inunum
619 122 784 178 nsosuos
801 124 826 176 v
846 127 959 179 n-re.
1132 118 1197 187 159

184 271 354 352 temquem
377 287 483 334 uroem
506 265 688 353 oeoupeuit.
723 269 838 334 oontre
856 265 896 332 D.
909 263 1031 332 Brutus
1053 265 1106 332 uir
1122 275 1236 333 eon-t

184 353 301 421 enisus
324 353 451 422 solino
474 353 621 423 Publioio
643 375 716 422 oum
740 353 868 442 ingenti
890 354 1067 420 oertnmine
1088 353 1199 420 inruit

183 443 230 512 ibi
261 441 396 550 Moenus
427 443 483 512 diu
515 441 771 548 obstinatissime
807 441 987 530 dimissuit;
1024 439 1198 548 Gmoobps,

157 530 1198 723 .tulit„tstmtttatl⁰²tlstttttt⁸lt⁰tt

89 725 166 779 eut
183 732 246 799 que
272 709 352 777 loum
374 708 429 776 din
452 731 570 815 eneeps
587 710 711 778 bellum
730 711 921 798 agitaretur,
942 709 1074 776 modern
1097 711 1197 795 sugit·

183 799 260 866 terii
282 799 325 864 ub
343 797 475 885 Opimio
497 799 591 866 mussi
612 803 796 866 oonsertsm
818 797 1058 864 multitudinem
1080 797 1198 863 distur-

183 887 351 966 buuerunt
396 885 461 953 duo
482 885 591 953 Fleooi
618 891 711 971 puter
736 887 886 974 filiusque
908 906 983 952 oum
1005 906 1064 971 per
1085 883 1235 951 sedenst

181 975 293 1042 Lunee
307 975 342 1041 in
355 973 517 1080 priuatum
532 975 663 1042 domum
678 973 886 1042 desiluissent
899 974 1048 1061 foresque
1061 972 1197 1040 obieois·

82 1098 85 1104 ·
143 1079 170 1122 ιο
183 1067 266 1217 ἔξω,
287 1082 427 1130 resonso
449 1062 583 1167 oretieio
605 1063 738 1217 perietteb
747 1062 890 1130 confossi
908 1060 1194 1217 suntfibilreoobue

415 1171 527 1217 emron
646 1173 714 1216 ent
760 1172 777 1216 s
942 1171 985 1216 un
1037 1171 1076 1215 us
1099 1171 1138 1216 se

183 1171 388 1326 sedupldiuoterln0
399 1172 577 1316 sublioiuni
578 1171 941 1326 1{rgentumituibisllisinileo
955 1238 1050 1304 uiuus
1068 1169 1197 1324 oepegrr:

182 1331 250 1411 tur,
272 1327 430 1393 deruioem
453 1347 548 1394 seruo
571 1349 629 1394 suo
653 1327 810 1412 praebuit
856 1330 955 1413 ceput
976 1324 1115 1392 Gruoobi
1142 1328 1231 1391 eux-⁰

183 1415 287 1482 cisum
309 1413 436 1481 consuli
459 1414 605 1481 edietum
628 1418 693 1498 est,
715 1435 833 1501 oorpus
855 1413 898 1481 sd
920 1411 1106 1482 Cornelium
1128 1433 1196 1478 ms·

143 1516 169 1559 ¹⁵
182 1507 265 1568 trem
295 1501 456 1568 Misenum
486 1502 643 1588 oppidum
672 1502 843 1569 deuectum
872 1505 931 1578 est
974 1500 1056 1568 bees
1087 1504 1197 1566 eutem

183 1589 343 1673 Cornelio,
361 1589 508 1656 Africani
527 1590 659 1657 meionis
677 1589 754 1674 tilis,
771 1588 942 1675 Misenum,
959 1592 998 1655 ut
1013 1587 1091 1674 dixi,
1111 1587 1197 1674 prio·

181 1677 227 1744 ris
246 1677 305 1743 tilii
323 1681 428 1743 morte
446 1681 631 1744 secesserat
667 1676 753 1745 bone
766 1675 904 1744 Greoobi
921 1677 1088 1764 publioetu
1104 1679 1195 1760 sunt3

181 1763 315 1832 bleonus
338 1765 525 1832 adulescens
548 1765 582 1832 in
603 1767 721 1833 robore
743 1769 879 1832 neoetus
901 1771 966 1851 est3
992 1785 1031 1830 ex
1053 1763 1196 1831 faotione

183 1851 321 1922 Greoobi
344 1851 476 1922 ducenti
498 1853 737 1943 quinquagintu
753 1853 789 1922 in
804 1853 971 1922 Auentino
989 1851 1076 1922 onesi
1094 1851 1195 1920 fuisse

140 1944 376 2012 meterentur.
420 1942 569 2028 Opimius
596 1944 710 2012 oonsul
738 1943 824 2012 siout
849 1945 884 2011 in
905 1944 992 2013 bello
1014 1942 1110 2010 fortis
1132 1941 1197 2009 init
1215 1946 1250 1998 ¹⁰

86 2044 164 2098 sm
184 2031 241 2099 litu
267 2033 301 2098 in
329 2033 520 2118 quaestione
546 2033 695 2100 crudelis.
739 2054 817 2099 num
845 2032 986 2119 emplius
1012 2032 1078 2098 triu
1104 2031 1220 2098 milis

179 2119 351 2188 hominum
369 2120 536 2207 suppliciis
554 2121 695 2206 neouuit,
713 2142 752 2187 ex
771 2121 889 2208 quibus
907 2119 1040 2207 plurimi
1053 2142 1095 2188 ne
1108 2120 1196 2188 diets
1323 2177 1329 2188 .

179 2209 312 2297 quidem
334 2229 432 2276 oense
453 2209 642 2278 innoeentes
665 2209 829 2278 interfecti
851 2213 938 2277 sunt

246 2296 355 2364 Isdem
381 2298 583 2383 temporibus
604 2297 757 2366 Metellus
779 2296 933 2366 Belenum
960 2298 1083 2368 insulse
1107 2296 1194 2366 bello
1210 2303 1248 2362 tt

138 2401 166 2446 ¹⁶
179 2407 260 2542 {3¹¹}
299 2385 1083 2545 sluttltttlb‘lttffl‘ttffi
1096 2407 1194 2544 tt:

81 2589 83 2594 ·
179 2497 1229 2743 smarnos„

178 2742 266 2812 bello
294 2742 388 2830 uicit,
417 2743 556 2812 menime
584 2766 659 2813 oum
688 2744 937 2832 elephantorum
966 2765 1056 2812 nous
1087 2743 1193 2812 formu

137 2847 166 2892 ω
179 2833 253 2921 equi
265 2832 408 2901 hostium
423 2833 601 2923 hostesque
615 2835 782 2903 conterriti
796 2833 1015 2923 diffugissentr
1033 2851 1083 2902 xx
1100 2831 1194 2901 milis

177 2923 225 2992 ibi
241 2922 460 3012 Allobrogum
477 2945 573 2992 ouess
590 2923 783 3012 referuntur,
800 2924 865 2992 trie
883 2923 976 2993 milis
993 2927 1090 3012 oupts
1108 2926 1192 2992 sunt

243 3011 369 3082 Eodem
391 3017 538 3102 tempore
559 3013 669 3082 Aetne
690 3036 784 3084 mons
806 3015 896 3083 ultro
916 3013 1049 3083 solitum
1072 3012 1227 3082 ueruto

181 3107 216 3171 et
244 3103 445 3172 torrentibus
474 3102 580 3192 igneis
603 3103 784 3193 superfusis
813 3103 942 3193 letoque
970 3102 1192 3172 oironmflnsn·

171 3191 265 3260 tibus
288 3190 446 3260 Oedinem
474 3195 589 3262 urbem
616 3193 762 3283 finesque
788 3193 858 3263 eius
884 3191 1050 3282 oppressit
1077 3192 1126 3261 ite
1154 3194 1192 3260 nt

136 3295 164 3340 ὕ
177 3285 265 3350 ude
286 3281 414 3348 sedium
436 3281 551 3350 oelidis
574 3283 739 3352 oineribus
779 3287 910 3352 reeuste
926 3287 961 3351 et
975 3285 1193 3372 prsegmuste

177 3373 385 3439 consuerent:
407 3368 499 3437 ouius
517 3370 674 3440 lamone
692 3371 722 3440 ol
765 3373 913 3441 bonust
930 3375 1061 3441 mustus
1082 3371 1190 3441 &oen

177 3476 337 3523 morum
358 3457 532 3542 neotigeliu
555 3457 784 3527 Catinensibus
806 3461 942 3529 remisit
