2744 3800
328 61 523 118 sovuusvu
541 63 706 119 nsosuos
724 65 776 118 vu
794 68 820 122 a.
838 69 864 120 o.
1034 62 1099 130 249

90 211 125 272 et
137 203 272 272 nefariis
286 203 392 271 modis
410 225 470 292 per
486 205 668 291 eomplnree
686 205 755 274 dies
768 228 789 272 a
801 206 997 294 Vespasiani
1014 207 1100 273 mili·

88 294 176 360 tibus
207 291 378 359 aduersum
413 297 562 360 senatum
592 294 813 382 populumque
838 294 1023 363 Romanum
1049 294 1099 360 iu·

90 381 228 448 discreta
249 379 345 447 eaede
368 380 529 447 saeuitum
552 385 611 450 est

154 467 250 536 Anno
269 467 311 536 ab
330 468 410 536 urbe
427 468 558 536 eondite
576 485 750 554 dcccxxv,
771 468 863 537 breui
886 469 944 537 ills
966 467 1134 557 quidems
1356 471 1357 496 ¹

62 557 144 625 used
158 555 288 624 turbida
300 561 516 644 tyrannorum
535 561 731 646 tempestate
748 557 902 644 decussa,
920 557 1099 644 tranquilla

88 647 148 716 sub
161 645 366 733 Vespasiano
377 645 461 715 duee
475 647 634 714 serenitas
647 647 751 716 rediit
783 667 932 735 namque,
949 647 1133 731 utpeulos
1277 654 1280 702 i
1356 659 1357 672 ¹

88 737 184 804 altius
202 741 358 823 repetam,
379 733 491 803 Iudaei
509 743 587 824 post
603 736 789 824 passionem
807 734 931 804 Christi
948 735 1098 804 destituti

86 825 121 892 in
143 829 250 894 totum
272 825 379 914 gretia
400 822 463 893 Dei
485 847 558 893 eum
581 825 732 894 omuibus
755 824 897 913 nudique
920 824 1017 893 malis
1039 825 1098 892 eir·

86 914 363 1000 aumuenirentur,
390 914 584 1001 quibusdam
606 915 642 982 iu
665 913 818 983 Garmelo
840 919 950 983 monte
973 913 1097 982 seducti

47 1023 74 1067 ιο
86 1004 242 1091 sortibus,
271 1025 354 1109 quae
381 1002 772 1108 portenderentexortos
802 1026 822 1071 a
850 1002 970 1071 Iudaea
999 1002 1096 1072 duces

85 1091 1096 1269 3303332‘330'02252mtididgumid-⁸

85 1270 174 1336 sidiis
198 1270 341 1356 legatum
365 1291 492 1355 qnoque
510 1267 623 1355 Syriae
641 1271 808 1357 suppetias
826 1270 983 1337 ferentem
1000 1275 1095 1355 rapte

15 1375 73 1422 ,ue
86 1357 195 1445 aquila
212 1363 246 1424 et
263 1357 366 1424 eaesis
384 1357 485 1444 oopiis
500 1353 715 1445 liugauerunt
746 1358 788 1425 ad
801 1359 862 1426 hos
875 1355 1094 1444 Vespasianus
1113 1361 1131 1413 ⁸

47 1465 106 1513 usa
131 1445 261 1514 Nerone
289 1444 407 1513 missus
434 1445 543 1514 'litum
569 1445 674 1514 filium
702 1469 797 1514 suum
825 1445 981 1513 maiorem
1010 1445 1096 1512 inter

84 1537 209 1623 legatos
232 1534 362 1622 habuit3
383 1557 461 1602 nam
485 1535 606 1604 multas
624 1539 659 1603 et
675 1535 801 1603 ualidas
820 1535 967 1621 legiones
985 1555 1095 1602 seeum

83 1625 116 1690 in
134 1621 262 1710 Syriam
284 1621 422 1690 traiecit
457 1624 568 1710 itaque
590 1645 664 1691 eum
682 1623 821 1692 ludaeos
847 1623 958 1690 multis
982 1643 1095 1690 eorum

83 1713 210 1800 oppidis
230 1711 333 1800 septis
351 1712 388 1778 in
409 1712 525 1780 urbem
541 1711 842 1799 Hierosolymorum
861 1711 1033 1799 praecipue
1050 1710 1094 1778 ob

84 1800 167 1867 diem
185 1800 304 1869 festum
329 1804 546 1888 congregatos
569 1800 739 1868 obsidione
761 1801 938 1880 clausisset,
960 1800 1094 1886 cognite

44 1905 70 1948 so
83 1887 220 1956 Neronis
247 1891 353 1954 morte
380 1886 514 1955 hortatu
540 1889 753 1975 plurimorum
775 1908 889 1975 regum
916 1890 950 1954 et
976 1886 1094 1954 dueum

82 2012 126 2025 -
156 1977 294 2043 menime
323 1975 455 2062 Iosephi
482 1975 676 2044 Iudaeorum
707 1976 797 2044 ducis
829 1974 1005 2060 sententia,
1036 1975 1094 2061 qui

83 2071 197 2152 eaptus
210 2087 283 2132 eum
297 2063 333 2130 iu
347 2065 456 2132 uinola
472 2066 660 2146 ooioeretur,
677 2063 941 2133 oonstuntiesime
959 2063 1094 2150 dixerud,

83 2153 167 2221 sieut
189 2151 362 2220 Suetonius
384 2153 498 2240 refert,
519 2155 673 2222 continuo
696 2177 732 2222 se
754 2153 796 2221 ab
819 2153 932 2222 eodem
955 2150 1012 2220 ssd
1034 2152 1092 2219 im·

82 2246 230 2329 peratore
249 2241 441 2310 soluendum
465 2277 508 2292 —
531 2243 703 2331 imperium
725 2243 862 2330 adeptus
884 2246 943 2326 ot,
964 2241 1093 2309 relicto·

46 2347 146 2418 seque
168 2331 204 2398 iu
226 2330 685 2489 cdiffiuiidtopmmtdimm
699 2331 887 2486 (lodsidionis
898 2329 1094 2487 flddiddwlyi

81 2441 208 2487 morum
292 2440 312 2487 o
429 2471 439 2507 ,
518 2443 536 2487 r
615 2443 698 2487 exau
719 2443 802 2488 nam
837 2441 898 2506 pro
1042 2441 1077 2486 es

81 2509 232 2598 Romam3
268 2509 325 2578 sed
360 2442 518 2600 cognitape
528 2509 754 2580 interiectione
784 2508 899 2577 Vitelli
930 2507 1093 2596 paulisper

82 2599 295 2668 Alexandriae
317 2601 475 2669 substitit
519 2601 612 2667 Titus
634 2621 712 2668 uero
735 2621 857 2688 magna
878 2619 916 2666 ao
938 2598 1129 2666 diuturna*

81 2689 248 2758 obsidione
266 2688 404 2758 Iudaeos
426 2711 587 2776 premens,
609 2689 768 2756 machinis
791 2689 978 2774 onustisque
1001 2687 1092 2756 beili·

42 2778 127 2844 uois
150 2779 290 2847 molibus
313 2799 380 2845 non
402 2779 472 2846 sine
495 2777 599 2846 multo
622 2799 756 2845 suorum
778 2777 935 2864 sanguine
958 2775 1089 2844 tundam

80 2887 189 2934 muros
202 2865 346 2934 ciuitatis
361 2865 493 2953 inrupit.
515 2865 570 2933 sad
585 2863 626 2933 ad
640 2866 888 2953 expugnandam
901 2865 1090 2933 interiorem

79 2955 193 3041 templi
219 2952 447 3041 munitionem,
474 2977 572 3042 quam
600 2954 726 3022 reelusa
747 2952 923 3022 multitudo
946 2952 1090 3022 saoerde·

80 3045 150 3108 tum
173 3063 212 3109 ao
233 3041 414 3128 principum
440 3045 606 3129 tuebatur,
635 3043 757 3110 maiore
779 3042 815 3110 ui
836 3046 871 3109 et
892 3063 985 3109 more
1007 3063 1088 3129 opus

80 3127 150 3194 fuit
195 3130 281 3214 quod
309 3133 420 3198 tamen
446 3136 620 3217 postquam
646 3131 682 3197 iu
748 3135 900 3197 motuum
922 3130 1126 3198 redeatumt

41 3227 68 3269 ⁸⁸
80 3235 177 3297 opere
190 3220 289 3301 atque
307 3218 505 3304 antiquitate
522 3218 677 3303 suspexit,
717 3217 751 3285 iu
768 3217 964 3284 delibes-anit
979 3221 1087 3284 utrum

80 3300 246 3401 tamqnam
258 3303 505 3374 imitamentum
518 3303 664 3372 hostium
680 3305 869 3373 inoenderet
885 3327 929 3372 an
946 3305 982 3371 in
999 3302 1089 3372 testi·

80 3403 224 3452 momum
253 3389 408 3458 uictoriae
436 3395 625 3460 memoret
669 3392 727 3459 sed
756 3391 905 3461 Eioelesia
931 3391 993 3462 Dei
1022 3393 1088 3462 iam
