2714 3788
346 112 543 167 ADVERSW
560 111 728 168 reflexos
745 112 799 165 vn
816 115 859 168 88.
878 115 922 168 u.
1066 110 1130 178 281

30 253 330 412 '‘⁵⁴33le
340 252 777 430 ttlltltlffill
820 250 1132 412 tetlfftl‘ss

117 433 237 503 tradidi
275 455 376 502 nnsun
390 431 559 503 ecelesiam
573 436 644 501 toto
659 433 738 501 orbe
752 430 894 500 diffudit:
907 432 994 502 huno
1007 433 1133 521 uspieit,

118 519 204 589 huno
242 523 249 538 '
267 521 338 607 'git
351 520 438 589 hono
450 519 611 604 delendit3
630 520 778 606 quolibet
791 541 827 587 se
862 521 988 608 uisquis
1001 523 1131 590 nomine

91 611 218 710 stegut
239 608 270 674 si
292 606 367 674 lunio
389 628 458 673 non
478 607 632 690 molatur,
654 605 789 690 slienus,
813 607 840 671 s'
882 627 945 674 une
962 608 1131 694 inpugnst,

117 693 271 761 inrmious
303 697 363 760 est
411 692 621 762 consolentur
650 712 686 759 se
717 693 873 780 gentiles,
907 693 944 760 in
974 701 1131 781 qnsnturn
1149 702 1185 757 re

119 782 243 870 uolunt,
265 781 457 851 ludseorum
480 781 780 870 haereticorumque
803 781 981 870 sopplioiis,
1002 787 1131 853 essum

118 876 153 940 et
180 893 281 940 unum
304 871 411 940 Deum
438 892 510 939 esse
532 876 567 938 et
588 869 725 939 eundem
747 892 960 958 personarum
983 878 1131 960 sooepto-

118 980 187 1026 rem
210 981 279 1027 non
301 981 372 1026 esse
395 958 448 1026 uel
466 980 506 1027 ex
522 957 586 1027 heo
604 959 812 1044 potissimum
830 956 980 1027 Veientis
998 961 1131 1028 extincti

77 1047 314 1133 reprobatione
341 1046 516 1114 istesntur.
561 1045 663 1114 Gothi
690 1050 788 1114 entes
814 1067 874 1132 per
899 1047 1027 1135 legstos
1054 1071 1128 1136 sup
1147 1059 1183 1113 lt

140 1134 219 1203 lioee
237 1140 466 1224 poposcerunt,
488 1140 526 1203 ut
542 1135 608 1202 illis
626 1133 780 1222 episeopi,
803 1135 960 1223 equibus
983 1137 1131 1224 regulum

187 1223 323 1292 'etism
351 1223 428 1291 fidei
457 1223 631 1310 diamant,
660 1223 876 1292 mitterentur.
918 1222 1041 1292 Vslens
1072 1226 1131 1292 inu·

116 1315 250 1398 peretot
278 1311 436 1379 exitiabili
458 1313 620 1398 pronitate
644 1311 792 1379 dootores
814 1312 946 1380 Arriani
968 1312 1130 1400 dogmatis

117 1400 217 1467 misit
261 1397 363 1467 Gothi
392 1399 517 1486 prinuse
545 1399 622 1466 fidei
650 1399 836 1468 rudimento
865 1399 952 1486 quod
979 1421 1130 1488 sooepere

78 1504 104 1549 us
117 1491 302 1556 tenuerunt.
346 1489 459 1592 iterque
486 1487 573 1555 iusto
601 1485 723 1556 indioio
747 1485 808 1556 Dei
836 1486 900 1574 ipsi
922 1509 997 1556 eum
1019 1489 1132 1558 ulum

116 1577 337 1665 iuoenderunt,
355 1599 411 1664 qus
429 1580 564 1665 propter
577 1598 650 1645 eum
665 1577 764 1644 etism
777 1577 899 1646 mortui
911 1577 995 1645 uitio
1013 1580 1131 1647 erroris

117 1667 222 1733 ursuni
245 1669 331 1734 suut

184 1753 282 1822 Anno
300 1755 343 1821 sb
366 1753 446 1820 urbe
469 1751 600 1821 eondits
621 1769 773 1822 nomn
794 1753 971 1821 Gratianus
993 1755 1130 1841 quudrs·
1144 1760 1188 1820 u

117 1843 261 1930 gesimus
286 1841 328 1910 sb
350 1841 502 1928 Augusto
524 1845 762 1927 postmortem
783 1839 935 1909 Valentis
957 1865 1014 1910 sex
1036 1843 1131 1910 unnie

76 1948 105 1991 so
116 1932 289 2085 insenum
306 1930 422 2016 tenuit,
439 1930 589 2018 quemuis
607 1929 796 1998 iamdudum
810 1935 908 1998 sntes
920 1953 994 2000 oum
1012 1937 1130 2019 poleno

29 2049 51 2090 s
63 2017 149 2085 sev
182 2023 258 2086 ente
276 2023 310 2084 et
327 2041 401 2086 oum
414 2016 646 2086 Vslentinisno
667 2016 777 2086 ¹fretre
793 2041 830 2085 re
878 2024 958 2086 eret
987 2020 1044 2106 qui
1056 2030 1169 2088 eum!

117 2107 284 2174 udiliotum
311 2127 350 2173 so
376 2127 480 2192 poene
507 2109 695 2194 eonlupsum
718 2107 832 2194 reipub
849 2107 916 2174 'oue
938 2111 1060 2175 statum
1081 2109 1132 2174 ui·

116 2193 221 2278 deret,
243 2193 356 2262 eedem
379 2193 580 2280 prouisione‚
601 2216 667 2281 qus
687 2194 852 2283 quondum
874 2194 1000 2284 legeret
1021 2194 1132 2263 Nesos

119 2281 304 2368 Hispanum
344 2281 452 2348 ιιίωιιι
491 2281 687 2367 Troianum,
724 2304 783 2368 pes·
818 2305 914 2369 quem
949 2283 1133 2370 respublica

77 2373 272 2457 ssrepersts
306 2372 369 2455 eet,
402 2367 485 2456 legit
519 2373 553 2437 et
586 2370 656 2456 ipse
684 2369 903 2440 Theodosium
936 2393 1037 2460 seque
1072 2369 1131 2439 Hi·

118 2481 254 2548 spunum
281 2457 390 2526 uirum
417 2463 452 2526 et
473 2459 695 2529 restituendse
717 2459 916 2547 reipublioee
937 2461 1130 2530 neeeseitete

117 2548 204 2653 opud
231 2544 385 2615 Sirmium
418 2569 563 2634 purpure
599 2547 707 2616 induit
743 2549 939 2636 orientisque
969 2555 1004 2618 et
1029 2548 1130 2617 Thre-

117 2659 186 2706 erse
217 2636 314 2705 simul
337 2635 493 2724 prsefeoit
517 2637 669 2725 imperio,
693 2637 728 2704 in
750 2638 814 2707 hoo
836 2639 1028 2727 perleotiore
1048 2637 1168 2707 iudi-s

118 2727 179 2814 oio,
192 2727 278 2816 quis,
292 2749 367 2796 onsn
381 2727 416 2795 in
430 2725 582 2796 omnibus
599 2725 761 2797 humente
776 2727 864 2798 uitse
878 2728 1054 2797 uirtutibus
1067 2727 1131 2798 iete

77 2816 447 2995 ”ltflzltllll
465 2820 670 2993 iffi?
680 2817 1132 2996 laltll'ltpltslss

117 2997 171 3066 lsio
187 3001 390 3087 propegstor
403 2995 578 3065 Eoolesise
612 2957 662 3064 iti
677 2997 725 3064 illi
741 3019 783 3065 ne
805 3020 889 3067 uuus
910 2998 1039 3088 quidem
1057 2958 1169 3085 prose

117 3087 208 3176 prius
221 3085 317 3174 filius,
331 3106 396 3172 quo
409 3105 595 3154 suooessore
608 3085 773 3174 gauderet,
792 3087 937 3156 indultus
951 3093 1017 3177 est;
1033 3087 1131 3155 huius

117 3183 227 3246 sutem
259 3173 378 3243 orienti
410 3173 507 3242 simul
538 3179 636 3262 utque
673 3175 833 3245 oeeidenti
868 3198 928 3265 per
963 3174 1131 3246 suooidues

77 3283 104 3328 ss
117 3285 219 3353 usque
247 3262 289 3331 ed
316 3285 404 3332 nuno
470 3262 656 3332 neretiones
677 3263 827 3420 gilosiose
852 3285 1001 3356 propago
1027 3264 1131 3335 domi·

118 3357 228 3418 nutus.
271 3351 384 3438 ituque
406 3351 435 3418 Τ
459 3351 609 3421 eudesius
636 3353 676 3420 sd
713 3358 799 3423 otum
826 3378 894 3426 rem
918 3355 1059 3426 nbliosm
1080 3354 1169 3424 iret

107 3436 180 3504 'Dei
210 3439 425 3523 reponendum
461 3438 598 3506 eredidit
635 3441 857 3511 miserioordie
940 3446 963 3532 ’ς
1000 3465 1130 3514 omnem
