2800 3790
244 133 288 200 88
490 136 1007 193 ravuoaosumsrumsnvu

65 269 66 332 ξ
147 365 150 370 Δ
204 290 416 347 emmeram
452 277 636 347 Alexander
657 300 735 345 uero
758 279 844 364 apud
864 278 1080 366 Babylonem,
1102 301 1177 348 uum
1200 281 1254 348 ed·

240 366 305 435 hue
322 368 515 455 sanguinem
534 369 648 436 sitiens
667 367 753 434 male
767 367 929 454 castigata
942 368 1099 437 auiditate
1113 369 1254 438 ministri

240 455 368 523 insidiis
390 477 549 524 uenenum
615 460 728 541 lasset,
751 455 884 523 interiit

203 552 223 605 ι
308 543 337 610 0
359 543 440 610 dura
456 566 550 611 mens
568 479 736 611 idmiuum
754 547 789 610 et
805 565 862 610 eur
880 565 1008 631 semper
1025 544 1254 612 inhumanum!

325 630 409 718 ipae,
439 633 495 718 qui
517 631 598 700 haee
619 652 679 718 pro
702 631 880 700 adserenda
902 633 1047 700 omnium
1070 637 1253 719 temporum
1280 651 1294 695 ι

272 721 420 786 ternanti
446 721 632 788 adamitate
654 741 844 823 percenseo,
870 719 905 786 in
928 720 1033 786 relatu
1055 720 1142 787 tanti
1165 719 1254 806 mali,

237 807 1253 984 {tl-lrt‘llttullifflstmltlznttltmttt

237 984 335 1053 surde
357 985 531 1054 condolui?
550 981 708 1072 numquid
726 985 897 1053 resoluens
915 983 996 1052 haee
1015 988 1150 1073 propter
1165 1005 1251 1053 eum·

199 1086 220 1138 ι
236 1096 368 1142 munem
380 1075 510 1142 uiuendi
520 1078 645 1142 elatum
653 1075 813 1142 rusiorum
822 1074 970 1141 miserias
981 1073 1162 1142 measl‘eei?
1178 1096 1251 1141 eum
1267 1095 1293 1138 ιι

235 1168 356 1248 teman,
373 1164 402 1230 ri
419 1162 548 1268 quaudo
563 1162 604 1229 de
621 1184 674 1229 me
691 1165 762 1250 ipso
781 1164 896 1248 relato,
914 1167 952 1229 ut
965 1163 1097 1250 ignotos
1111 1162 1252 1249 primum

234 1250 395 1319 barbues
408 1251 560 1337 mdsrim,
572 1255 610 1318 ut
623 1251 760 1319 infestos
774 1250 1016 1336 deelineuerim‚
1031 1256 1068 1318 ut
1082 1251 1251 1319 dominan-

234 1340 326 1406 tibus
338 1339 504 1408 blanditus
518 1339 590 1424 sim,
603 1345 641 1406 ut
653 1339 799 1407 infideles
809 1339 1039 1426 prasesusrim
1052 1343 1090 1407 ut
1098 1340 1251 1406 insidian-

196 1437 216 1494 ι
234 1433 287 1499 ιιι
304 1429 748 1588 ιιιιιιιιςιιίιιιὶἕοιιιιιιιι
766 1432 804 1497 ut
820 1435 1050 1518 persequentes
1066 1429 1101 1497 in
1115 1429 1197 1496 mari
1212 1451 1250 1498 aa

234 1521 324 1590 saxis
341 1521 538 1609 spiculisque
597 1525 754 1608 petentes,
771 1519 930 1588 nauibus
949 1519 1048 1588 etiam
1066 1541 1170 1607 paene
1183 1521 1249 1588 iam
1263 1550 1285 1592 ι
1300 1541 1334 1584 ιιι

234 1607 512 1695 adprehendentes
530 1610 700 1694 repentina
717 1609 838 1676 nebule
853 1609 1066 1676 circumfusus
1081 1610 1249 1695 suaserim,
1264 1630 1290 1672 ιι

154 1697 157 1701 ’
234 1701 369 1762 muetos
391 1697 559 1763 audientes
581 1697 693 1784 mein
712 1695 862 1761 lacrimas
880 1696 1077 1761 summoueri
1096 1695 1196 1761 uelim
1215 1702 1250 1762 et

232 1783 354 1852 taaitus
382 1783 423 1852 ds
451 1806 518 1852 nen
544 1783 730 1864 dolentibus
757 1782 899 1867 doleam,
928 1787 1084 1868 reputans
1111 1781 1249 1850 duritiae

195 1881 357 1959 ssorum,
378 1873 434 1960 qui
456 1872 543 1960 quod
565 1894 631 1940 nen
654 1872 837 1941 sustinuere
864 1893 931 1938 nun
953 1871 1098 1938 eredunt
1131 1869 1249 1958 Hispa·

231 1983 297 2030 nus
323 1965 357 2030 et
383 1961 530 2031 llerinus
557 1959 600 2030 ad
627 1960 875 2050 supplicandum
898 1959 1084 2028 Alexandro
1109 1957 1249 2048 Babylo·
1262 1981 1290 2024 ιι

232 2074 312 2120 nam
343 2051 425 2122 adiit
454 2055 686 2140 emeritumque
716 2051 805 2119 ultro
837 2050 1018 2137 domiuum,
1049 2071 1090 2118 ns
1119 2049 1249 2119 hortem

233 2141 403 2230 exciperet,
424 2141 669 2230 perAssyriam
683 2140 876 2228 Indiamque
893 2141 1066 2229 quaesiuit,
1088 2146 1248 2210 terrarum

233 2235 338 2300 metas
360 2232 503 2300 lustrans
526 2231 710 2318 stultique
733 2230 907 2297 infeliciter
928 2233 1026 2298 notus
1049 2230 1192 2299 Oceano:
1215 2237 1250 2300 et

233 2326 346 2387 tamen
375 2323 445 2388 tam
475 2319 640 2388 uiolentae
671 2319 875 2388 necessitatis
903 2319 1061 2388 memorie
1087 2321 1140 2387 uel
1169 2320 1249 2387 obli·

194 2409 332 2478 anione
357 2408 475 2477 deleuit
501 2409 554 2477 uel
580 2409 679 2477 uiluit
705 2413 878 2477 uetustate.
923 2413 958 2476 et
984 2430 1045 2475 uos
1071 2413 1247 2496 perpetuae
1261 2427 1289 2472 ιι

232 2497 449 2568 rswrdstiuni
475 2499 650 2568 husurum
677 2503 843 2587 putamus,
876 2497 961 2584 quod
990 2498 1130 2585 plurima
1158 2499 1247 2568 orbis

231 2593 326 2678 parte
342 2611 456 2658 ιιιιιιι
473 2611 575 2658 uuum
589 2612 630 2657 an
677 2589 745 2656 lum
759 2587 859 2677 fugax
873 2589 958 2657 latre
971 2588 1132 2656 uiolauit?
1155 2589 1247 2677 quasi

231 2701 311 2748 uere
338 2678 536 2748 Gatthorum
568 2683 601 2746 et
643 2679 807 2747 'ueboram
838 2699 951 2766 panem
982 2681 1020 2745 ut
1047 2701 1114 2746 uun
1141 2677 1247 2748 diuam

232 2791 330 2836 uersa
350 2769 422 2838 uias
444 2768 546 2837 ludus
569 2769 621 2837 uel
637 2767 801 2856 Assyrius,
823 2767 879 2835 aed
899 2769 999 2835 stiam
1019 2769 1070 2836 uel
1089 2768 1168 2855 ipsa,
1213 2769 1247 2836 ui

65 2863 66 2934 I
179 2871 218 2924 ιο
234 2857 365 2926 huten
395 2860 534 2963 patitur,
564 2857 732 2944 Hispanus
762 2857 914 2926 orruerit
958 2863 996 2924 at
1023 2879 1102 2925 uero
1132 2857 1160 2924 si
1190 2791 1289 2925 iiluna

232 2945 412 3016 Akrendn
438 2949 588 3052 tempora
613 2946 775 3015 laudanda
801 2945 912 3033 potius
935 2951 1070 3034 propter
1092 2945 1248 3014 uirtutem

232 3057 298 3124 qua
326 3040 418 3104 telus
450 3038 540 3106 orbu
568 3037 736 3123 obtentus,
766 3057 864 3122 quam
895 3035 1087 3102 detestanda
1113 3043 1249 3123 propter

230 3123 362 3193 ruinam
391 3145 457 3212 qua
484 3129 575 3194 totus
606 3124 696 3192 urbis
726 3145 860 3192 auersus
893 3128 944 3190 ιιι
970 3122 1168 3191 indicantum
1197 3125 1247 3192 in·

230 3212 403 3282 uenientes
431 3217 465 3282 et
493 3212 591 3282 modu
617 3211 764 3301 plurimi,
794 3211 849 3300 qui
876 3210 957 3279 haee
984 3210 1148 3280 laudmda
1174 3232 1247 3280 esu·

231 3305 341 3389 mni,
367 3301 445 3390 quia
468 3301 576 3370 multa
601 3303 749 3370 uicerunt
776 3305 810 3368 et
836 3299 986 3369 miseriae
1013 3300 1152 3368 aliorum
1175 3299 1246 3368 leli·
1260 3319 1289 3364 ιι

177 3404 213 3457 n
232 3391 366 3460 uitatem
385 3412 478 3460 suam
494 3395 658 3478 reputent
689 3391 747 3459 sed
759 3389 848 3457 dieat
860 3388 1046 3477 quisquam:
1062 3389 1120 3457 isti
1132 3388 1247 3457 ιοιιιι

228 3479 413 3553 Remmius
431 3485 519 3551 eunt.
543 3479 806 3571 respondebitur:
823 3476 886 3547 hoe
904 3483 939 3547 ιι
951 3483 1030 3548 tune
1042 3481 1115 3548 teto
1129 3476 1247 3548 orienti

1327 3663 1334 3710 l
