<?xml version="1.0" encoding="UTF-8"?>
<!DOCTYPE html PUBLIC "-//W3C//DTD XHTML 1.0 Transitional//EN"
    "http://www.w3.org/TR/xhtml1/DTD/xhtml1-transitional.dtd">
<html xmlns="http://www.w3.org/1999/xhtml" xml:lang="en" lang="en">
 <head>
  <title>
</title>
<meta http-equiv="Content-Type" content="text/html;charset=utf-8" />
  <meta name='ocr-system' content='tesseract 3.04.00' />
  <meta name='ocr-capabilities' content='ocr_page ocr_carea ocr_par ocr_line ocrx_word'/>
</head>
<body>
  <div class='ocr_page' id='page_1' title='image "./pavliorosiihist01orosgoog_0421.png"; bbox 0 0 2744 3800; ppageno 0'>
   <div class='ocr_carea' id='block_1_1' title="bbox 312 103 1074 171">
    <p class='ocr_par' dir='ltr' id='par_1_1' title="bbox 312 103 1074 171">
     <span class='ocr_line' id='line_1_1' title="bbox 312 103 1074 171; baseline 0.013 -9"><span class='ocrx_word' id='word_1_1' title='bbox 312 104 509 162; x_wconf 74' lang='lat' dir='ltr'><strong>mvnesvu</strong></span> <span class='ocrx_word' id='word_1_2' title='bbox 526 105 691 161; x_wconf 82' lang='lat' dir='ltr'><strong>esosuos</strong></span> <span class='ocrx_word' id='word_1_3' title='bbox 708 107 761 162; x_wconf 89' lang='lat' dir='ltr'><strong>v11</strong></span> <span class='ocrx_word' id='word_1_4' title='bbox 778 111 805 162; x_wconf 83' lang='lat' dir='ltr'><strong>s.</strong></span> <span class='ocrx_word' id='word_1_5' title='bbox 823 111 848 163; x_wconf 87' lang='lat' dir='ltr'><strong>c.</strong></span> <span class='ocrx_word' id='word_1_6' title='bbox 1010 103 1074 171; x_wconf 79' lang='lat'><strong>241</strong></span> 
     </span>
    </p>
   </div>
   <div class='ocr_carea' id='block_1_2' title="bbox 65 246 1078 515">
    <p class='ocr_par' dir='ltr' id='par_1_2' title="bbox 65 246 1078 515">
     <span class='ocr_line' id='line_1_2' title="bbox 66 246 1078 335; baseline 0.002 -19"><span class='ocrx_word' id='word_1_7' title='bbox 66 251 117 317; x_wconf 89' lang='lat' dir='ltr'><strong>uel</strong></span> <span class='ocrx_word' id='word_1_8' title='bbox 144 249 254 335; x_wconf 87' lang='lat' dir='ltr'><strong>potius</strong></span> <span class='ocrx_word' id='word_1_9' title='bbox 282 249 316 314; x_wconf 91' lang='lat' dir='ltr'><strong>in</strong></span> <span class='ocrx_word' id='word_1_10' title='bbox 342 249 401 315; x_wconf 92' lang='lat' dir='ltr'><strong>illa</strong></span> <span class='ocrx_word' id='word_1_11' title='bbox 426 246 589 316; x_wconf 86' lang='lat' dir='ltr'><strong>horrenda</strong></span> <span class='ocrx_word' id='word_1_12' title='bbox 615 254 711 317; x_wconf 87' lang='lat' dir='ltr'><strong>nocte</strong></span> <span class='ocrx_word' id='word_1_13' title='bbox 737 254 809 317; x_wconf 90' lang='lat' dir='ltr'><strong>toto</strong></span> <span class='ocrx_word' id='word_1_14' title='bbox 836 250 926 317; x_wconf 86' lang='lat' dir='ltr'><strong>caelo</strong></span> <span class='ocrx_word' id='word_1_15' title='bbox 948 250 1078 318; x_wconf 78' lang='lat' dir='ltr'><strong>fulsisse</strong></span> 
     </span>
     <span class='ocr_line' id='line_1_3' title="bbox 65 336 1077 427; baseline 0.002 -22"><span class='ocrx_word' id='word_1_16' title='bbox 65 338 232 406; x_wconf 81' lang='lat' dir='ltr'><strong>referatur.</strong></span> <span class='ocrx_word' id='word_1_17' title='bbox 273 336 358 426; x_wconf 90' lang='lat' dir='ltr'><strong>qnod</strong></span> <span class='ocrx_word' id='word_1_18' title='bbox 386 359 454 405; x_wconf 93' lang='lat' dir='ltr'><strong>non</strong></span> <span class='ocrx_word' id='word_1_19' title='bbox 481 337 588 405; x_wconf 91' lang='lat' dir='ltr'><strong>solum</strong></span> <span class='ocrx_word' id='word_1_20' title='bbox 611 343 797 406; x_wconf 84' lang='lat' dir='ltr'><strong>sanctorum</strong></span> <span class='ocrx_word' id='word_1_21' title='bbox 820 337 1077 427; x_wconf 78' lang='lat' dir='ltr'><strong>Euangeliorum</strong></span> 
     </span>
     <span class='ocr_line' id='line_1_4' title="bbox 65 424 1075 515; baseline 0.001 -19"><span class='ocrx_word' id='word_1_22' title='bbox 65 427 155 509; x_wconf 89' lang='lat' dir='ltr'><strong>tides,</strong></span> <span class='ocrx_word' id='word_1_23' title='bbox 177 426 233 493; x_wconf 86' lang='lat' dir='ltr'><strong>scd</strong></span> <span class='ocrx_word' id='word_1_24' title='bbox 251 427 351 494; x_wconf 88' lang='lat' dir='ltr'><strong>etiam</strong></span> <span class='ocrx_word' id='word_1_25' title='bbox 369 427 527 515; x_wconf 73' lang='lat' dir='ltr'><strong>aliquanti</strong></span> <span class='ocrx_word' id='word_1_26' title='bbox 546 424 744 495; x_wconf 84' lang='lat' dir='ltr'><strong>Graecorum</strong></span> <span class='ocrx_word' id='word_1_27' title='bbox 763 427 839 495; x_wconf 86' lang='lat' dir='ltr'>libri</span> <span class='ocrx_word' id='word_1_28' title='bbox 862 430 1075 497; x_wconf 68' lang='lat' dir='ltr'><strong>adtestantur.</strong></span> 
     </span>
    </p>
   </div>
   <div class='ocr_carea' id='block_1_3' title="bbox 64 514 1261 605">
    <p class='ocr_par' dir='ltr' id='par_1_3' title="bbox 64 514 1261 605">
     <span class='ocr_line' id='line_1_5' title="bbox 64 514 1261 605; baseline -0.005 -20"><span class='ocrx_word' id='word_1_29' title='bbox 64 519 129 585; x_wconf 88' lang='lat' dir='ltr'><strong>iam</strong></span> <span class='ocrx_word' id='word_1_30' title='bbox 143 515 220 583; x_wconf 90' lang='lat' dir='ltr'><strong>binc</strong></span> <span class='ocrx_word' id='word_1_31' title='bbox 232 521 311 602; x_wconf 90' lang='lat' dir='ltr'><strong>post</strong></span> <span class='ocrx_word' id='word_1_32' title='bbox 322 516 508 601; x_wconf 91' lang='lat' dir='ltr'><strong>passionem</strong></span> <span class='ocrx_word' id='word_1_33' title='bbox 521 514 665 602; x_wconf 87' lang='lat' dir='ltr'><strong>Domini,</strong></span> <span class='ocrx_word' id='word_1_34' title='bbox 683 539 778 605; x_wconf 90' lang='lat' dir='ltr'><strong>quem</strong></span> <span class='ocrx_word' id='word_1_35' title='bbox 792 516 905 585; x_wconf 84' lang='lat' dir='ltr'><strong>Iudaei</strong></span> <span class='ocrx_word' id='word_1_36' title='bbox 917 525 1076 605; x_wconf 85' lang='lat' dir='ltr'><strong>quantum</strong></span> <span class='ocrx_word' id='word_1_37' title='bbox 1095 526 1130 581; x_wconf 82' lang='lat' dir='ltr'><strong>tt</strong></span> <span class='ocrx_word' id='word_1_38' title='bbox 1256 537 1261 551; x_wconf 89' lang='lat'><em>·</em></span> 
     </span>
    </p>
   </div>
   <div class='ocr_carea' id='block_1_4' title="bbox 12 604 1077 781">
    <p class='ocr_par' dir='ltr' id='par_1_4' title="bbox 12 604 1077 781">
     <span class='ocr_line' id='line_1_6' title="bbox 39 604 1077 693; baseline 0.008 -28"><span class='ocrx_word' id='word_1_39' title='bbox 39 607 100 673; x_wconf 89' lang='lat' dir='ltr'><strong>sin</strong></span> <span class='ocrx_word' id='word_1_40' title='bbox 113 605 192 693; x_wconf 92' lang='lat' dir='ltr'><strong>ipsis</strong></span> <span class='ocrx_word' id='word_1_41' title='bbox 207 604 271 671; x_wconf 81' lang='lat' dir='ltr'><strong>snit</strong></span> <span class='ocrx_word' id='word_1_42' title='bbox 281 606 443 691; x_wconf 87' lang='lat' dir='ltr'><strong>persecuti</strong></span> <span class='ocrx_word' id='word_1_43' title='bbox 457 608 542 689; x_wconf 80' lang='lat' dir='ltr'><strong>sunt,</strong></span> <span class='ocrx_word' id='word_1_44' title='bbox 560 605 733 672; x_wconf 86' lang='lat' dir='ltr'><strong>continuas</strong></span> <span class='ocrx_word' id='word_1_45' title='bbox 753 605 861 672; x_wconf 86' lang='lat' dir='ltr'><strong>clades</strong></span> <span class='ocrx_word' id='word_1_46' title='bbox 875 604 1077 692; x_wconf 85' lang='lat' dir='ltr'><strong>ludaeorum,</strong></span> 
     </span>
     <span class='ocr_line' id='line_1_7' title="bbox 12 690 1076 781; baseline 0 -19"><span class='ocrx_word' id='word_1_47' title='bbox 12 711 52 754; x_wconf 74' lang='lat' dir='ltr'><strong>ee·</strong></span> <span class='ocrx_word' id='word_1_48' title='bbox 66 695 167 762; x_wconf 87' lang='lat' dir='ltr'><strong>donec</strong></span> <span class='ocrx_word' id='word_1_49' title='bbox 180 693 337 760; x_wconf 86' lang='lat' dir='ltr'><strong>exinaniti</strong></span> <span class='ocrx_word' id='word_1_50' title='bbox 350 692 551 781; x_wconf 71' lang='lat' dir='ltr'><strong>dispersique</strong></span> <span class='ocrx_word' id='word_1_51' title='bbox 564 693 724 779; x_wconf 78' lang='lat' dir='ltr'><strong>deficiant,</strong></span> <span class='ocrx_word' id='word_1_52' title='bbox 737 690 984 762; x_wconf 73' lang='lat' dir='ltr'><strong>incestsabiliter</strong></span> <span class='ocrx_word' id='word_1_53' title='bbox 996 700 1076 762; x_wconf 87' lang='lat' dir='ltr'><strong>stre·</strong></span> 
     </span>
    </p>
   </div>
   <div class='ocr_carea' id='block_1_5' title="bbox 64 780 1263 870">
    <p class='ocr_par' dir='ltr' id='par_1_5' title="bbox 64 780 1263 870">
     <span class='ocr_line' id='line_1_8' title="bbox 64 780 1263 870; baseline -0.005 -21"><span class='ocrx_word' id='word_1_54' title='bbox 64 785 155 870; x_wconf 83' lang='lat' dir='ltr'><strong>punt</strong></span> <span class='ocrx_word' id='word_1_55' title='bbox 181 780 331 849; x_wconf 81' lang='lat' dir='ltr'><strong>&#39;tiberius</strong></span> <span class='ocrx_word' id='word_1_56' title='bbox 345 781 504 869; x_wconf 88' lang='lat' dir='ltr'><strong>siquidem</strong></span> <span class='ocrx_word' id='word_1_57' title='bbox 517 781 720 848; x_wconf 89' lang='lat' dir='ltr'><strong>iuuentutem</strong></span> <span class='ocrx_word' id='word_1_58' title='bbox 740 803 850 850; x_wconf 89' lang='lat' dir='ltr'><strong>corum</strong></span> <span class='ocrx_word' id='word_1_59' title='bbox 864 804 922 869; x_wconf 86' lang='lat' dir='ltr'><strong>per</strong></span> <span class='ocrx_word' id='word_1_60' title='bbox 935 784 1077 868; x_wconf 87' lang='lat' dir='ltr'><strong>speciem</strong></span> <span class='ocrx_word' id='word_1_61' title='bbox 1096 789 1131 845; x_wconf 80' lang='lat' dir='ltr'><strong>tt</strong></span> <span class='ocrx_word' id='word_1_62' title='bbox 1259 841 1263 860; x_wconf 77' lang='grc'>,</span> 
     </span>
    </p>
   </div>
   <div class='ocr_carea' id='block_1_6' title="bbox 26 869 1101 1138">
    <p class='ocr_par' dir='ltr' id='par_1_6' title="bbox 26 869 1101 1138">
     <span class='ocr_line' id='line_1_9' title="bbox 66 869 1077 959; baseline 0 -20"><span class='ocrx_word' id='word_1_63' title='bbox 66 869 259 939; x_wconf 87' lang='lat' dir='ltr'><strong>sacramenti</strong></span> <span class='ocrx_word' id='word_1_64' title='bbox 277 869 313 937; x_wconf 94' lang='lat' dir='ltr'><strong>in</strong></span> <span class='ocrx_word' id='word_1_65' title='bbox 330 869 516 957; x_wconf 88' lang='lat' dir='ltr'><strong>prouincias</strong></span> <span class='ocrx_word' id='word_1_66' title='bbox 534 869 697 957; x_wconf 59' lang='lat' dir='ltr'><strong>munionis</strong></span> <span class='ocrx_word' id='word_1_67' title='bbox 715 870 799 938; x_wconf 86' lang='lat' dir='ltr'><strong>caeli</strong></span> <span class='ocrx_word' id='word_1_68' title='bbox 817 871 985 959; x_wconf 77' lang='lat' dir='ltr'><strong>relegauit,</strong></span> <span class='ocrx_word' id='word_1_69' title='bbox 1003 871 1077 939; x_wconf 89' lang='lat' dir='ltr'><strong>reli·</strong></span> 
     </span>
     <span class='ocr_line' id='line_1_10' title="bbox 65 958 1076 1048; baseline 0.001 -21"><span class='ocrx_word' id='word_1_70' title='bbox 65 982 146 1048; x_wconf 90' lang='lat' dir='ltr'><strong>quos</strong></span> <span class='ocrx_word' id='word_1_71' title='bbox 173 959 282 1048; x_wconf 87' lang='lat' dir='ltr'><strong>gentis</strong></span> <span class='ocrx_word' id='word_1_72' title='bbox 310 959 454 1026; x_wconf 89' lang='lat' dir='ltr'><strong>eiusdem</strong></span> <span class='ocrx_word' id='word_1_73' title='bbox 480 960 534 1026; x_wconf 91' lang='lat' dir='ltr'><strong>uel</strong></span> <span class='ocrx_word' id='word_1_74' title='bbox 562 958 683 1027; x_wconf 88' lang='lat' dir='ltr'><strong>similia</strong></span> <span class='ocrx_word' id='word_1_75' title='bbox 707 964 870 1028; x_wconf 82' lang='lat' dir='ltr'><strong>sectantes</strong></span> <span class='ocrx_word' id='word_1_76' title='bbox 893 959 972 1028; x_wconf 87' lang='lat' dir='ltr'><strong>urbe</strong></span> <span class='ocrx_word' id='word_1_77' title='bbox 1002 960 1076 1028; x_wconf 87' lang='lat' dir='ltr'><strong>sub·</strong></span> 
     </span>
     <span class='ocr_line' id='line_1_11' title="bbox 26 1047 1101 1138; baseline 0.005 -27"><span class='ocrx_word' id='word_1_78' title='bbox 26 1067 53 1111; x_wconf 82' lang='lat' dir='ltr'><strong>rs</strong></span> <span class='ocrx_word' id='word_1_79' title='bbox 64 1049 167 1118; x_wconf 91' lang='lat' dir='ltr'><strong>mouit</strong></span> <span class='ocrx_word' id='word_1_80' title='bbox 184 1049 245 1116; x_wconf 91' lang='lat' dir='ltr'><strong>sub</strong></span> <span class='ocrx_word' id='word_1_81' title='bbox 262 1069 369 1135; x_wconf 84' lang='lat' dir='ltr'><strong>poena</strong></span> <span class='ocrx_word' id='word_1_82' title='bbox 386 1052 562 1135; x_wconf 72' lang='lat' dir='ltr'><strong>perpetuae</strong></span> <span class='ocrx_word' id='word_1_83' title='bbox 579 1049 757 1138; x_wconf 80' lang='lat' dir='ltr'><strong>seruitutis,</strong></span> <span class='ocrx_word' id='word_1_84' title='bbox 774 1049 839 1117; x_wconf 91' lang='lat' dir='ltr'><strong>nisi</strong></span> <span class='ocrx_word' id='word_1_85' title='bbox 857 1047 1077 1136; x_wconf 81' lang='lat' dir='ltr'><strong>obtemperas-</strong></span> <span class='ocrx_word' id='word_1_86' title='bbox 1099 1064 1101 1066; x_wconf 79' lang='grc'><strong>’</strong></span> 
     </span>
    </p>
   </div>
   <div class='ocr_carea' id='block_1_7' title="bbox 64 1137 1130 1209">
    <p class='ocr_par' dir='ltr' id='par_1_7' title="bbox 64 1085 1369 1240">
     <span class='ocr_line' id='line_1_12' title="bbox 64 1137 1130 1209; baseline 0.003 -1"><span class='ocrx_word' id='word_1_87' title='bbox 64 1145 144 1208; x_wconf 82' lang='lat' dir='ltr'><strong>sent</strong></span> <span class='ocrx_word' id='word_1_88' title='bbox 189 1160 267 1207; x_wconf 89' lang='lat' dir='ltr'><strong>sene</strong></span> <span class='ocrx_word' id='word_1_89' title='bbox 296 1137 396 1206; x_wconf 77' lang='lat' dir='ltr'><strong>Asiae</strong></span> <span class='ocrx_word' id='word_1_90' title='bbox 426 1137 575 1208; x_wconf 64' lang='lat' dir='ltr'><strong>ciuium</strong></span> <span class='ocrx_word' id='word_1_91' title='bbox 604 1137 661 1206; x_wconf 90' lang='lat' dir='ltr'><strong>illo</strong></span> <span class='ocrx_word' id='word_1_92' title='bbox 691 1142 796 1208; x_wconf 85' lang='lat' dir='ltr'><strong>terrac</strong></span> <span class='ocrx_word' id='word_1_93' title='bbox 826 1142 918 1208; x_wconf 89' lang='lat' dir='ltr'><strong>motu</strong></span> <span class='ocrx_word' id='word_1_94' title='bbox 949 1140 1075 1209; x_wconf 85' lang='lat' dir='ltr'><strong>dirutas</strong></span> <span class='ocrx_word' id='word_1_95' title='bbox 1095 1145 1130 1203; x_wconf 77' lang='lat'><strong>1⁸</strong></span> 
     </span>
    </p>
   </div>
   <div class='ocr_carea' id='block_1_8' title="bbox 2 1229 1221 2298">
    <p class='ocr_par' dir='ltr' id='par_1_8' title="bbox 2 1229 1221 2298">
     <span class='ocr_line' id='line_1_13' title="bbox 64 1229 1076 1317; baseline 0 -20"><span class='ocrx_word' id='word_1_96' title='bbox 64 1232 187 1298; x_wconf 86' lang='lat' dir='ltr'><strong>tributo</strong></span> <span class='ocrx_word' id='word_1_97' title='bbox 206 1229 340 1297; x_wconf 86' lang='lat' dir='ltr'><strong>dimisso</strong></span> <span class='ocrx_word' id='word_1_98' title='bbox 358 1230 494 1317; x_wconf 89' lang='lat' dir='ltr'><strong>proprie</strong></span> <span class='ocrx_word' id='word_1_99' title='bbox 511 1229 610 1296; x_wconf 86' lang='lat' dir='ltr'><strong>etiam</strong></span> <span class='ocrx_word' id='word_1_100' title='bbox 629 1229 826 1298; x_wconf 81' lang='lat' dir='ltr'><strong>liberalitate</strong></span> <span class='ocrx_word' id='word_1_101' title='bbox 844 1230 990 1300; x_wconf 83' lang='lat' dir='ltr'><strong>donauit</strong></span> <span class='ocrx_word' id='word_1_102' title='bbox 1021 1230 1076 1298; x_wconf 91' lang='lat' dir='ltr'><strong>bic</strong></span> 
     </span>
     <span class='ocr_line' id='line_1_14' title="bbox 63 1317 606 1405; baseline -0.004 -20"><span class='ocrx_word' id='word_1_103' title='bbox 63 1319 225 1405; x_wconf 87' lang='lat' dir='ltr'><strong>ambiguis</strong></span> <span class='ocrx_word' id='word_1_104' title='bbox 247 1317 352 1404; x_wconf 90' lang='lat' dir='ltr'><strong>signis</strong></span> <span class='ocrx_word' id='word_1_105' title='bbox 374 1318 489 1384; x_wconf 89' lang='lat' dir='ltr'><strong>ueneni</strong></span> <span class='ocrx_word' id='word_1_106' title='bbox 513 1317 606 1384; x_wconf 87' lang='lat' dir='ltr'><strong>obiit.</strong></span> 
     </span>
     <span class='ocr_line' id='line_1_15' title="bbox 128 1402 1113 1495; baseline -0.005 -22"><span class='ocrx_word' id='word_1_107' title='bbox 128 1406 225 1474; x_wconf 83' lang='lat' dir='ltr'><strong>Anno</strong></span> <span class='ocrx_word' id='word_1_108' title='bbox 248 1407 290 1472; x_wconf 86' lang='lat' dir='ltr'><strong>ab</strong></span> <span class='ocrx_word' id='word_1_109' title='bbox 313 1402 394 1472; x_wconf 88' lang='lat' dir='ltr'><strong>urbe</strong></span> <span class='ocrx_word' id='word_1_110' title='bbox 417 1403 548 1484; x_wconf 89' lang='lat' dir='ltr'><strong>condita</strong></span> <span class='ocrx_word' id='word_1_111' title='bbox 574 1419 690 1472; x_wconf 86' lang='lat' dir='ltr'><strong>nccxc</strong></span> <span class='ocrx_word' id='word_1_112' title='bbox 716 1405 833 1472; x_wconf 77' lang='lat' dir='ltr'><strong>terlim</strong></span> <span class='ocrx_word' id='word_1_113' title='bbox 860 1407 903 1474; x_wconf 87' lang='lat' dir='ltr'><strong>ab</strong></span> <span class='ocrx_word' id='word_1_114' title='bbox 925 1403 1113 1495; x_wconf 64' lang='lat' dir='ltr'><strong>Augusto!</strong></span> 
     </span>
     <span class='ocr_line' id='line_1_16' title="bbox 25 1493 1076 1585; baseline 0.006 -27"><span class='ocrx_word' id='word_1_115' title='bbox 25 1496 164 1566; x_wconf 78' lang='lat' dir='ltr'><strong>utlaius</strong></span> <span class='ocrx_word' id='word_1_116' title='bbox 190 1493 342 1584; x_wconf 73' lang='lat' dir='ltr'><strong>Caligula</strong></span> <span class='ocrx_word' id='word_1_117' title='bbox 368 1514 506 1583; x_wconf 87' lang='lat' dir='ltr'><strong>regnare</strong></span> <span class='ocrx_word' id='word_1_118' title='bbox 532 1494 640 1582; x_wconf 89' lang='lat' dir='ltr'><strong>eoepit</strong></span> <span class='ocrx_word' id='word_1_119' title='bbox 666 1495 851 1585; x_wconf 75' lang='lat' dir='ltr'><strong>mansitque</strong></span> <span class='ocrx_word' id='word_1_120' title='bbox 878 1496 912 1563; x_wconf 90' lang='lat' dir='ltr'><strong>in</strong></span> <span class='ocrx_word' id='word_1_121' title='bbox 939 1495 1076 1584; x_wconf 89' lang='lat' dir='ltr'><strong>imperio</strong></span> 
     </span>
     <span class='ocr_line' id='line_1_17' title="bbox 63 1583 1076 1672; baseline 0 -19"><span class='ocrx_word' id='word_1_122' title='bbox 63 1587 156 1654; x_wconf 86' lang='lat' dir='ltr'><strong>annis</strong></span> <span class='ocrx_word' id='word_1_123' title='bbox 187 1609 253 1653; x_wconf 91' lang='lat' dir='ltr'><strong>non</strong></span> <span class='ocrx_word' id='word_1_124' title='bbox 286 1585 391 1672; x_wconf 87' lang='lat' dir='ltr'><strong>plenis</strong></span> <span class='ocrx_word' id='word_1_125' title='bbox 422 1589 593 1672; x_wconf 87' lang='lat' dir='ltr'><strong>quattuor,</strong></span> <span class='ocrx_word' id='word_1_126' title='bbox 622 1583 722 1652; x_wconf 89' lang='lat' dir='ltr'><strong>homo</strong></span> <span class='ocrx_word' id='word_1_127' title='bbox 753 1585 900 1653; x_wconf 89' lang='lat' dir='ltr'><strong>omnium</strong></span> <span class='ocrx_word' id='word_1_128' title='bbox 932 1590 1008 1653; x_wconf 87' lang='lat' dir='ltr'><strong>ente</strong></span> <span class='ocrx_word' id='word_1_129' title='bbox 1040 1608 1076 1653; x_wconf 89' lang='lat' dir='ltr'><strong>se</strong></span> 
     </span>
     <span class='ocr_line' id='line_1_18' title="bbox 62 1671 1076 1764; baseline 0.002 -24"><span class='ocrx_word' id='word_1_130' title='bbox 62 1673 336 1764; x_wconf 81' lang='lat' dir='ltr'><strong>flagitiosissimus</strong></span> <span class='ocrx_word' id='word_1_131' title='bbox 359 1676 394 1739; x_wconf 90' lang='lat' dir='ltr'><strong>et</strong></span> <span class='ocrx_word' id='word_1_132' title='bbox 415 1672 474 1761; x_wconf 92' lang='lat' dir='ltr'><strong>qui</strong></span> <span class='ocrx_word' id='word_1_133' title='bbox 495 1692 572 1739; x_wconf 89' lang='lat' dir='ltr'><strong>uere</strong></span> <span class='ocrx_word' id='word_1_134' title='bbox 599 1671 718 1761; x_wconf 91' lang='lat' dir='ltr'><strong>dignus</strong></span> <span class='ocrx_word' id='word_1_135' title='bbox 742 1673 899 1742; x_wconf 78' lang='lat' dir='ltr'><strong>Romanis</strong></span> <span class='ocrx_word' id='word_1_136' title='bbox 923 1672 1076 1762; x_wconf 83' lang='lat' dir='ltr'><strong>blasphe-</strong></span> 
     </span>
     <span class='ocr_line' id='line_1_19' title="bbox 62 1761 1075 1852; baseline 0.001 -19"><span class='ocrx_word' id='word_1_137' title='bbox 62 1763 226 1833; x_wconf 75' lang='lat' dir='ltr'><strong>mantibus</strong></span> <span class='ocrx_word' id='word_1_138' title='bbox 254 1768 288 1832; x_wconf 91' lang='lat' dir='ltr'><strong>et</strong></span> <span class='ocrx_word' id='word_1_139' title='bbox 312 1761 441 1832; x_wconf 88' lang='lat' dir='ltr'><strong>Iudaeis</strong></span> <span class='ocrx_word' id='word_1_140' title='bbox 469 1761 731 1850; x_wconf 73' lang='lat' dir='ltr'><strong>persecutoribus</strong></span> <span class='ocrx_word' id='word_1_141' title='bbox 753 1762 885 1852; x_wconf 88' lang='lat' dir='ltr'><strong>punitor</strong></span> <span class='ocrx_word' id='word_1_142' title='bbox 908 1761 1075 1834; x_wconf 83' lang='lat' dir='ltr'><strong>adbibitus</strong></span> 
     </span>
     <span class='ocr_line' id='line_1_20' title="bbox 61 1851 1111 1941; baseline 0.001 -19"><span class='ocrx_word' id='word_1_143' title='bbox 61 1855 232 1923; x_wconf 87' lang='lat' dir='ltr'><strong>uideretur.</strong></span> <span class='ocrx_word' id='word_1_144' title='bbox 276 1855 344 1940; x_wconf 90' lang='lat' dir='ltr'><strong>bio,</strong></span> <span class='ocrx_word' id='word_1_145' title='bbox 365 1859 404 1922; x_wconf 93' lang='lat' dir='ltr'><strong>ut</strong></span> <span class='ocrx_word' id='word_1_146' title='bbox 426 1853 570 1921; x_wconf 85' lang='lat' dir='ltr'><strong>breuiter</strong></span> <span class='ocrx_word' id='word_1_147' title='bbox 592 1851 851 1941; x_wconf 76' lang='lat' dir='ltr'><strong>magnitudinem</strong></span> <span class='ocrx_word' id='word_1_148' title='bbox 873 1854 1074 1924; x_wconf 79' lang='lat' dir='ltr'><strong>crudelitatis</strong></span> <span class='ocrx_word' id='word_1_149' title='bbox 1092 1854 1111 1907; x_wconf 80' lang='lat'><strong>¹</strong></span> 
     </span>
     <span class='ocr_line' id='line_1_21' title="bbox 10 1942 1221 2101; baseline -0.002 0"><span class='ocrx_word' id='word_1_150' title='bbox 10 1942 1076 2101; x_wconf 59' lang='lat' dir='ltr'><strong>tttmzlttfflattttttltbltl‘ul‘’ttl:</strong></span> <span class='ocrx_word' id='word_1_151' title='bbox 1217 2061 1221 2069; x_wconf 88' lang='lat'><em>-</em></span> 
     </span>
     <span class='ocr_line' id='line_1_22' title="bbox 2 2054 1076 2210; baseline 0.002 -22"><span class='ocrx_word' id='word_1_152' title='bbox 2 2125 3 2128; x_wconf 74' lang='grc'>’</span> <span class='ocrx_word' id='word_1_153' title='bbox 62 2121 101 2190; x_wconf 91' lang='lat' dir='ltr'><strong>de</strong></span> <span class='ocrx_word' id='word_1_154' title='bbox 119 2119 307 2189; x_wconf 91' lang='lat' dir='ltr'><strong>condicione</strong></span> <span class='ocrx_word' id='word_1_155' title='bbox 328 2125 512 2208; x_wconf 83' lang='lat' dir='ltr'><strong>temporum</strong></span> <span class='ocrx_word' id='word_1_156' title='bbox 535 2141 667 2188; x_wconf 88' lang='lat' dir='ltr'><strong>suorum</strong></span> <span class='ocrx_word' id='word_1_157' title='bbox 690 2124 885 2209; x_wconf 76' lang='lat' dir='ltr'><strong>conquestus</strong></span> <span class='ocrx_word' id='word_1_158' title='bbox 908 2054 967 2209; x_wconf 65' lang='lat' dir='ltr'><strong>id,</strong></span> <span class='ocrx_word' id='word_1_159' title='bbox 989 2121 1076 2210; x_wconf 90' lang='lat' dir='ltr'><strong>quod</strong></span> 
     </span>
     <span class='ocr_line' id='line_1_23' title="bbox 63 2208 923 2298; baseline 0.001 -20"><span class='ocrx_word' id='word_1_160' title='bbox 63 2210 161 2278; x_wconf 86' lang='lat' dir='ltr'><strong>nullis</strong></span> <span class='ocrx_word' id='word_1_161' title='bbox 184 2208 426 2278; x_wconf 78' lang='lat' dir='ltr'><strong>calamitatibus</strong></span> <span class='ocrx_word' id='word_1_162' title='bbox 448 2209 589 2298; x_wconf 86' lang='lat' dir='ltr'><strong>publicis</strong></span> <span class='ocrx_word' id='word_1_163' title='bbox 612 2208 855 2297; x_wconf 78' lang='lat' dir='ltr'><strong>insignirentur.</strong></span> <span class='ocrx_word' id='word_1_164' title='bbox 920 2246 923 2252; x_wconf 40' lang='lat'><strong>¹</strong></span> 
     </span>
    </p>
   </div>
   <div class='ocr_carea' id='block_1_9' title="bbox 23 2296 1108 2744">
    <p class='ocr_par' dir='ltr' id='par_1_9' title="bbox 23 2296 1118 2744">
     <span class='ocr_line' id='line_1_24' title="bbox 128 2296 1108 2404; baseline 0.004 -38"><span class='ocrx_word' id='word_1_165' title='bbox 128 2299 156 2366; x_wconf 95' lang='lat'>0</span> <span class='ocrx_word' id='word_1_166' title='bbox 188 2300 284 2366; x_wconf 89' lang='lat' dir='ltr'><strong>beata</strong></span> <span class='ocrx_word' id='word_1_167' title='bbox 307 2298 463 2403; x_wconf 83' lang='lat' dir='ltr'><strong>&#39;germina</strong></span> <span class='ocrx_word' id='word_1_168' title='bbox 498 2299 654 2403; x_wconf 83' lang='lat' dir='ltr'><strong>temporis</strong></span> <span class='ocrx_word' id='word_1_169' title='bbox 687 2296 880 2404; x_wconf 63' lang='lat' dir='ltr'><strong>christierni,</strong></span> <span class='ocrx_word' id='word_1_170' title='bbox 915 2303 1108 2402; x_wconf 74' lang='lat' dir='ltr'><strong>quantum</strong></span> 
     </span>
     <span class='ocr_line' id='line_1_25' title="bbox 23 2386 1074 2568; baseline 0.002 -24"><span class='ocrx_word' id='word_1_171' title='bbox 23 2387 352 2568; x_wconf 49' lang='lat' dir='ltr'><strong>tltblmtls?</strong></span> <span class='ocrx_word' id='word_1_172' title='bbox 365 2386 870 2566; x_wconf 54' lang='lat' dir='ltr'><strong>xtttthttl’lltlzl</strong></span> <span class='ocrx_word' id='word_1_173' title='bbox 894 2386 1074 2567; x_wconf 57' lang='lat' dir='ltr'><strong>iffi</strong></span> 
     </span>
     <span class='ocr_line' id='line_1_26' title="bbox 61 2566 1073 2744; baseline -0.001 -108"><span class='ocrx_word' id='word_1_174' title='bbox 61 2569 294 2744; x_wconf 56' lang='lat' dir='ltr'><strong>didiqrde&#39;netdre?</strong></span> <span class='ocrx_word' id='word_1_175' title='bbox 321 2568 361 2636; x_wconf 87' lang='lat' dir='ltr'><strong>de</strong></span> <span class='ocrx_word' id='word_1_176' title='bbox 389 2567 628 2655; x_wconf 85' lang='lat' dir='ltr'><strong>tranquillitate</strong></span> <span class='ocrx_word' id='word_1_177' title='bbox 655 2567 801 2656; x_wconf 77' lang='lat' dir='ltr'><strong>genenli</strong></span> <span class='ocrx_word' id='word_1_178' title='bbox 828 2566 942 2635; x_wconf 74' lang='lat' dir='ltr'><strong>teritm</strong></span> <span class='ocrx_word' id='word_1_179' title='bbox 964 2567 1073 2635; x_wconf 87' lang='lat' dir='ltr'><strong>ieiuna</strong></span> 
     </span>
    </p>
   </div>
   <div class='ocr_carea' id='block_1_10' title="bbox 22 2737 985 2954">
    <p class='ocr_par' dir='ltr' id='par_1_10' title="bbox 22 2737 985 2954">
     <span class='ocr_line' id='line_1_27' title="bbox 690 2737 985 2797; baseline -0.003 0"><span class='ocrx_word' id='word_1_180' title='bbox 690 2737 985 2797; x_wconf 79' lang='lat' dir='ltr'><strong>inserimiusintus</strong></span> 
     </span>
     <span class='ocr_line' id='line_1_28' title="bbox 22 2809 972 2869; baseline -0.001 -2"><span class='ocrx_word' id='word_1_181' title='bbox 22 2817 49 2860; x_wconf 75' lang='lat'><strong>¹·</strong></span> <span class='ocrx_word' id='word_1_182' title='bbox 157 2810 812 2869; x_wconf 77' lang='lat' dir='ltr'><strong>Ssemsedsnssurarmsetcentnmuin</strong></span> <span class='ocrx_word' id='word_1_183' title='bbox 892 2809 972 2866; x_wconf 86' lang='lat' dir='ltr'><strong>aenis</strong></span> 
     </span>
     <span class='ocr_line' id='line_1_29' title="bbox 156 2879 925 2954; baseline 0 -17"><span class='ocrx_word' id='word_1_184' title='bbox 156 2880 224 2940; x_wconf 84' lang='lat' dir='ltr'><strong>Post</strong></span> <span class='ocrx_word' id='word_1_185' title='bbox 240 2885 352 2954; x_wconf 83' lang='lat' dir='ltr'><strong>tergum</strong></span> <span class='ocrx_word' id='word_1_186' title='bbox 368 2899 390 2938; x_wconf 89' lang='lat' dir='ltr'><strong>n</strong></span> <span class='ocrx_word' id='word_1_187' title='bbox 470 2879 781 2939; x_wconf 65' lang='lat' dir='ltr'><strong>coniunctiones·</strong></span> <span class='ocrx_word' id='word_1_188' title='bbox 799 2883 925 2938; x_wconf 60' lang='lat' dir='ltr'><strong>cneum.</strong></span> 
     </span>
    </p>
   </div>
   <div class='ocr_carea' id='block_1_11' title="bbox 1 3005 1109 3698">
    <p class='ocr_par' dir='ltr' id='par_1_11' title="bbox 1 3005 1109 3698">
     <span class='ocr_line' id='line_1_30' title="bbox 60 3005 1109 3112; baseline 0.004 -42"><span class='ocrx_word' id='word_1_189' title='bbox 60 3005 145 3073; x_wconf 88' lang='lat' dir='ltr'><strong>serui</strong></span> <span class='ocrx_word' id='word_1_190' title='bbox 172 3006 310 3074; x_wconf 89' lang='lat' dir='ltr'><strong>rebelles</strong></span> <span class='ocrx_word' id='word_1_191' title='bbox 338 3012 372 3075; x_wconf 88' lang='lat' dir='ltr'><strong>ct</strong></span> <span class='ocrx_word' id='word_1_192' title='bbox 399 3005 537 3112; x_wconf 42' lang='lat' dir='ltr'><strong>iugitini·</strong></span> <span class='ocrx_word' id='word_1_193' title='bbox 558 3005 757 3112; x_wconf 77' lang='lat' dir='ltr'><strong>gladiatores</strong></span> <span class='ocrx_word' id='word_1_194' title='bbox 779 3010 982 3110; x_wconf 72' lang='lat' dir='ltr'><strong>perterruere</strong></span> <span class='ocrx_word' id='word_1_195' title='bbox 1008 3005 1109 3074; x_wconf 73' lang='lat' dir='ltr'><strong>Ito-⁴</strong></span> 
     </span>
     <span class='ocr_line' id='line_1_31' title="bbox 59 3094 1072 3270; baseline 0.002 -23"><span class='ocrx_word' id='word_1_196' title='bbox 59 3094 1072 3270; x_wconf 59' lang='lat' dir='ltr'><strong>blestffldtlttclttdtlttttitt:</strong></span> 
     </span>
     <span class='ocr_line' id='line_1_32' title="bbox 21 3269 1071 3357; baseline 0.005 -26"><span class='ocrx_word' id='word_1_197' title='bbox 21 3278 47 3323; x_wconf 63' lang='grc' dir='ltr'>ὓ</span> <span class='ocrx_word' id='word_1_198' title='bbox 60 3271 168 3334; x_wconf 85' lang='lat' dir='ltr'><strong>eutem</strong></span> <span class='ocrx_word' id='word_1_199' title='bbox 198 3271 326 3355; x_wconf 89' lang='lat' dir='ltr'><strong>salutis,</strong></span> <span class='ocrx_word' id='word_1_200' title='bbox 355 3270 419 3338; x_wconf 91' lang='lat' dir='ltr'><strong>boo</strong></span> <span class='ocrx_word' id='word_1_201' title='bbox 448 3273 499 3337; x_wconf 87' lang='lat' dir='ltr'><strong>est</strong></span> <span class='ocrx_word' id='word_1_202' title='bbox 528 3271 729 3357; x_wconf 86' lang='lat' dir='ltr'><strong>temporibus</strong></span> <span class='ocrx_word' id='word_1_203' title='bbox 759 3269 967 3355; x_wconf 69' lang='lat' dir='ltr'><strong>Obmstianis,</strong></span> <span class='ocrx_word' id='word_1_204' title='bbox 995 3289 1071 3336; x_wconf 91' lang='lat' dir='ltr'><strong>con·</strong></span> 
     </span>
     <span class='ocr_line' id='line_1_33' title="bbox 59 3353 1106 3445; baseline 0.008 -29"><span class='ocrx_word' id='word_1_205' title='bbox 59 3353 178 3420; x_wconf 86' lang='lat' dir='ltr'><strong>uellere</strong></span> <span class='ocrx_word' id='word_1_206' title='bbox 204 3357 345 3442; x_wconf 89' lang='lat' dir='ltr'><strong>quietem</strong></span> <span class='ocrx_word' id='word_1_207' title='bbox 372 3377 440 3424; x_wconf 91' lang='lat' dir='ltr'><strong>non</strong></span> <span class='ocrx_word' id='word_1_208' title='bbox 466 3360 577 3445; x_wconf 88' lang='lat' dir='ltr'><strong>potest</strong></span> <span class='ocrx_word' id='word_1_209' title='bbox 602 3356 657 3424; x_wconf 87' lang='lat' dir='ltr'><strong>uel</strong></span> <span class='ocrx_word' id='word_1_210' title='bbox 679 3355 800 3427; x_wconf 77' lang='lat' dir='ltr'><strong>Caesar</strong></span> <span class='ocrx_word' id='word_1_211' title='bbox 828 3357 976 3426; x_wconf 78' lang='lat' dir='ltr'><strong>infestus.</strong></span> <span class='ocrx_word' id='word_1_212' title='bbox 1016 3355 1106 3424; x_wconf 83' lang='lat' dir='ltr'><strong>hice</strong></span> 
     </span>
     <span class='ocr_line' id='line_1_34' title="bbox 60 3437 1071 3535; baseline 0.01 -31"><span class='ocrx_word' id='word_1_213' title='bbox 60 3437 218 3525; x_wconf 88' lang='lat' dir='ltr'><strong>siquidem</strong></span> <span class='ocrx_word' id='word_1_214' title='bbox 236 3464 355 3530; x_wconf 83' lang='lat' dir='ltr'><strong>magno</strong></span> <span class='ocrx_word' id='word_1_215' title='bbox 369 3449 404 3512; x_wconf 91' lang='lat' dir='ltr'><strong>et</strong></span> <span class='ocrx_word' id='word_1_216' title='bbox 415 3443 599 3513; x_wconf 86' lang='lat' dir='ltr'><strong>incredibili</strong></span> <span class='ocrx_word' id='word_1_217' title='bbox 611 3449 773 3533; x_wconf 83' lang='lat' dir='ltr'><strong>apparatu</strong></span> <span class='ocrx_word' id='word_1_218' title='bbox 790 3446 955 3535; x_wconf 80' lang='lat' dir='ltr'><strong>protectus</strong></span> <span class='ocrx_word' id='word_1_219' title='bbox 974 3466 1071 3534; x_wconf 85' lang='lat' dir='ltr'><strong>quae·</strong></span> 
     </span>
     <span class='ocr_line' id='line_1_35' title="bbox 112 3547 910 3607; baseline 0.011 -14"><span class='ocrx_word' id='word_1_220' title='bbox 112 3547 477 3601; x_wconf 72' lang='lat' dir='ltr'><strong>occurrunzammm.</strong></span> <span class='ocrx_word' id='word_1_221' title='bbox 876 3556 910 3607; x_wconf 76' lang='lat' dir='ltr'><strong>lc</strong></span> 
     </span>
     <span class='ocr_line' id='line_1_36' title="bbox 1 3649 61 3698; baseline 0 0"><span class='ocrx_word' id='word_1_222' title='bbox 1 3649 61 3698; x_wconf 59' lang='grc' dir='ltr'>ι</span> 
     </span>
    </p>
   </div>
   <div class='ocr_carea' id='block_1_12' title="bbox 0 0 1376 3796">
    <p class='ocr_par' dir='ltr' id='par_1_12' title="bbox 0 0 1376 3796">
     <span class='ocr_line' id='line_1_37' title="bbox 0 0 1376 3796; baseline 0 0"><span class='ocrx_word' id='word_1_223' title='bbox 0 0 1376 3796; x_wconf 95' lang='lat' dir='ltr'><strong> </strong></span> 
     </span>
    </p>
   </div>
  </div>
 </body>
</html>
