2714 3788
34 125 41 182 l

221 157 290 226 260
464 161 575 216 Pam
592 159 716 216 0808ss
733 161 980 216 merolanam

183 313 203 364 4
286 303 383 370 Anno
410 301 453 370 ab
481 303 562 368 urbe
589 300 724 369 eondits
750 303 925 370 millesimo
955 302 1093 388 septimo
1121 299 1234 368 Gallus

218 389 423 458 Hostilianas
459 390 657 457 uicensima·
693 394 805 456 sextus
838 390 881 456 ab
912 389 1064 478 Angusto
1095 409 1233 476 regnum

34 451 38 520 Ϊ
74 539 79 548 ,
217 477 355 564 adeptus
372 478 428 545 nix
446 475 574 546 duobus
593 477 689 544 annis
708 499 781 544 oum
794 477 976 546 Volusiano
994 479 1063 545 lilio
1082 477 1233 544 obtinuit.

182 576 202 629 e
218 567 360 633 exeritur
372 565 455 633 ultio
470 564 584 633 uiolati
600 565 740 632 nominis
754 563 936 633 Christiani
954 569 989 632 et
1005 587 1172 652 usquequo
1190 564 1232 633 ad

217 676 278 740 pro
304 653 312 669 “
379 652 438 719 tas
456 652 609 720 ecelesias
628 653 735 719 edicta
748 652 841 721 Deoii
859 659 1078 737 sucurrerunt,
1096 657 1231 721 eatenus
1257 669 1272 713 s

216 741 252 806 in
329 740 454 807 'bilium
480 737 669 806 morborum
696 739 799 826 pestis
826 741 1024 807 extenditur:
1051 741 1143 807 nulla
1164 739 1232 806 lere

216 829 386 913 prouincia
413 826 575 912 Romans,
606 826 697 894 nulls
727 829 859 913 ciuitas,
889 828 982 894 nulla
1012 826 1128 895 domus
1159 826 1232 912 fnit,

217 936 300 1002 qnae
326 937 393 983 nou
419 914 478 982 ills
503 915 647 1005 generali
671 916 859 1000 pestilentis
880 919 1031 1001 surrepta
1054 919 1152 1003 atque
1175 937 1230 982 na·

32 980 38 1066 i
181 1009 314 1070 semla
335 1003 388 1069 sit
427 1001 490 1069 lsae
511 1004 584 1071 sola
606 1003 748 1089 pernicie
771 1003 918 1090 insignes
941 1002 1055 1071 Gallus
1078 1008 1114 1069 et
1129 1001 1230 1071 Volu-

216 1091 327 1158 sianus
344 1090 422 1158 dnm
440 1095 555 1159 eontra
571 1089 791 1158 Aemilianum
811 1092 906 1159 nouis
924 1091 1021 1159 rebus
1044 1091 1228 1159 studentem
1244 1107 1271 1151 ιο

215 1179 337 1247 bellurn
355 1179 450 1247 einile
463 1179 649 1264 moliuntur,
667 1180 766 1247 oooisi
780 1185 866 1248 snut
898 1181 1099 1248 Aemilianus
1117 1184 1229 1247 umen

215 1269 313 1337 tertio
335 1289 447 1337 mense
469 1268 602 1336 inuasse
624 1268 807 1355 tyrannidis
830 1269 990 1338 ertinotns
1012 1274 1073 1337 est

33 1342 37 1431 ἶ
284 1360 381 1427 Anno
408 1360 450 1426 ab
476 1358 556 1426 urbs
582 1357 715 1427 oondita
737 1358 909 1427 millesimo
932 1358 1058 1428 deoimo
1081 1360 1145 1426 duo
1168 1358 1228 1427 im·

214 1451 380 1536 penatores
393 1447 569 1516 uioensimo
586 1447 729 1534 septimo
743 1451 822 1534 post
835 1448 1018 1536 Augustum
1035 1449 1108 1515 looo
1126 1447 1228 1515 erasti

215 1541 306 1606 sunt:
327 1535 520 1606 Valerianus
546 1535 581 1604 in
604 1535 721 1605 Raetis
746 1537 789 1605 ab
816 1537 957 1606 exercitu
980 1536 1150 1626 Augustus
1172 1559 1227 1624 an
1243 1551 1269 1598 ιι

214 1628 369 1716 pellatur,
403 1627 527 1696 Romae
562 1632 670 1696 autem
707 1649 729 1696 a
759 1632 874 1697 senatu
906 1625 1074 1697 Gallienus
1106 1626 1229 1696 Caesar

215 1723 359 1800 crestns3
381 1718 566 1805 mansitque
579 1715 747 1784 Gallienus
765 1719 799 1784 in
818 1738 921 1806 regno
939 1719 1114 1785 infeliciter
1132 1719 1227 1785 anuis

148 1829 153 1844 ·
215 1825 275 1892 xV,
305 1803 496 1894 relspirante
522 1806 688 1893 paulisper
715 1807 757 1874 ab
784 1806 843 1874 illa
869 1829 968 1895 snpra
994 1807 1129 1876 solitum
1156 1805 1314 1894 ingiam

215 1901 251 1964 st
271 1895 366 1986 grani
383 1895 571 1984 pestilentia
589 1915 708 2000 genere
725 1895 877 1964 humano.
914 1901 1073 1984 prouocat
1092 1917 1230 2000 poenam

215 2007 308 2052 snam
335 1985 498 2053 obliuiosa
525 1984 660 2052 malitia.
704 1986 858 2072 impietas
887 1987 973 2053 enim
1001 1986 1132 2075 flagella
1159 2008 1230 2072 qur·
1244 2003 1272 2044 ss

216 2072 290 2141 dem
313 2073 496 2142 srmnoiata
517 2073 627 2159 sentit,
649 2073 706 2140 sed
729 2096 750 2140 a
772 2096 836 2161 quo
854 2074 1048 2162 flagellatur,
1070 2074 1231 2142 obdurata

35 2217 40 2257 ·.
181 2171 284 2228 anon
306 2161 418 2228 sentit
457 2164 497 2226 nt
517 2161 557 2226 tls
580 2160 804 2248 superioribus
826 2166 961 2244 taceam,
983 2163 1073 2230 faeta
1090 2183 1111 2228 a
1128 2162 1230 2229 Deoio

216 2245 477 2317 Christianorum
493 2249 716 2335 pensentions
733 2251 839 2318 totum
856 2249 1040 2318 Romanum
1058 2249 1230 2337 imperium

216 2338 405 2426 pestilentia
426 2358 549 2427 magna
571 2339 711 2406 uexauit
747 2339 889 2407 mentita
910 2343 962 2406 est
983 2339 1139 2428 iniquitas
1158 2337 1230 2424 sibi,

215 2449 319 2514 prauo
332 2427 368 2495 in
385 2427 561 2514 pernioism
582 2449 674 2494 snam
692 2427 914 2496 eireumusnta
931 2427 1059 2515 iudicio,
1076 2427 1228 2516 pestilen-
1243 2443 1270 2489 rs

218 2517 300 2584 tiam
328 2514 510 2584 eommunis
537 2537 632 2584 ossus
659 2537 730 2584 esse
760 2517 1023 2605 mutuamque
1045 2539 1085 2584 er
1108 2516 1230 2584 morbis

36 2609 40 2633 ²
183 2609 358 2674 emortem
374 2609 512 2673 naturae
530 2605 630 2672 finem
646 2625 718 2672 esse
735 2627 802 2672 nou
820 2627 968 2692 poenam.
997 2628 1110 2674 rursus
1128 2606 1231 2694 igitur

218 2699 317 2782 stqns
338 2694 374 2760 in
391 2693 487 2761 breui
504 2693 587 2760 iram
606 2691 668 2760 Dei
686 2692 852 2762 sceleratis
870 2693 1054 2763 notionibus
1071 2696 1231 2782 prouooat

217 2781 1076 2940 ttffit‘tzlltllltllltmltt
1085 2785 1230 2941 ltili
1243 2888 1271 2932 ..

217 2959 403 3066 silemus,
472 2960 520 3050 igi
542 2982 600 3048 per
621 2964 785 3029 tormenta
806 2894 1010 3066 ghristiaiios
1033 2962 1075 3028 ad
1096 2960 1231 3030 idolola-

220 3055 320 3118 trram
342 3050 605 3140 abnegantesque
626 3049 766 3119 interlioi
788 3051 896 3137 iussit,
922 3049 997 3120 ineo
1019 3071 1229 3139 peromnem

184 3140 360 3210 sRomaui
381 3140 475 3230 regni
496 3139 703 3209 latitudinem
725 3145 910 3210 ssnotornm
929 3141 1098 3232 sangnine.
1132 3139 1230 3210 =Vals·

220 3229 331 3298 riauns
354 3231 444 3316 ilico,
465 3229 582 3298 nolani
603 3235 717 3300 suntor
738 3231 848 3318 edisti,
870 3253 892 3299 a
913 3229 1035 3319 Sapore
1057 3228 1231 3299 Persarum

220 3339 298 3406 rega
310 3339 350 3387 ea
372 3324 436 3406 tus,
448 3319 626 3406 imperator
637 3320 750 3408 populi
763 3320 903 3388 Romani
916 3319 1231 3408 ignominiosissima
1242 3334 1271 3381 es

220 3405 307 3496 apud
362 3427 452 3476 ersus
481 3407 639 3477 seruitute
667 3408 850 3496 oonssnuit‚
878 3409 941 3478 lsoe
968 3407 1101 3477 inlamis
1129 3407 1229 3478 ortui

220 3497 396 3596 sentinus,¹
418 3495 521 3567 (lonso
549 3497 644 3587 uixit,
675 3497 883 3568 damnatione
911 3499 1061 3587 sortitus,
1091 3501 1130 3567 nt
1159 3497 1229 3587 ipss
