2744 3800
314 57 510 114 anvausvn
527 59 692 114 naamon
709 58 763 113 vu
780 63 805 116 e.
825 60 861 118 a·
987 98 989 104 ·
1038 55 1104 124 243

93 211 170 273 tunc
192 202 366 271 infideliter
388 203 605 288 obstinatum,
634 208 672 271 ut
699 209 823 292 quanta
849 203 1024 272 multitudo
1047 203 1105 272 bo-

94 295 219 361 minum
242 297 469 379 praeparatam
491 297 629 360 mortem
652 294 806 378 euaserit,
833 314 873 361 ex
895 292 1104 360 multitudine

94 383 337 449 interfectorum
346 381 487 468 piscium
496 380 674 448 disceretur
687 381 900 470 omnibusque
913 384 1105 467 notesceret,

94 469 171 558 quid
196 474 291 537 mute
319 471 435 538 ueneni
462 471 564 538 moles
591 474 661 538 arte
689 475 785 538 aucta
811 491 907 558 rogere
930 471 965 536 in
987 470 1106 537 misera

67 559 224 628 eeiuiute
243 559 413 647 potuisset,
432 580 515 648 quae
532 559 743 648 neglegenter
763 559 866 627 effuse
885 558 984 627 etiam
1001 558 1105 630 maria

94 649 247 736 eorrupit

94 830 136 898 ab
165 830 317 920 Angusto
347 832 481 918 quamue
511 850 648 918 regnum
678 827 814 917 adeptus
844 834 895 897 est
923 829 1106 916 mansitque
1256 875 1259 883 ·

94 920 128 988 in
150 941 189 988 eo
212 919 306 987 anuis
330 919 595 1008 quattuordecim.
627 918 758 988 exordio
781 918 875 1007 regni
893 919 962 986 eiua
980 919 1106 1005 Petrus,
1124 927 1141 980 t
1267 931 1271 966 ³

8 1035 29 1077 a
42 1024 82 1068 Μ
95 1009 263 1096 apostolue
282 1007 414 1076 Domini
434 1005 516 1076 llesu
535 1006 669 1095 Christi,
691 1007 829 1078 &mam
853 1008 944 1076 uenit
966 1011 1000 1076 et
1022 1009 1107 1076 calu·

57 1104 198 1166 uterum
228 1097 352 1165 ounotie
382 1097 588 1167 credentibus
617 1098 714 1166 iidem
746 1098 834 1165 fideli
866 1099 966 1165 uerbo
996 1098 1107 1166 docuit

117 1185 392 1273 otentissimisque
428 1186 605 1254 uirtutibus
643 1187 851 1274 approbauit3
887 1190 984 1274 atque
1020 1185 1105 1253 exim

94 1209 273 1344 dunstani
286 1272 410 1342 Reum
429 1297 499 1342 esse
518 1280 702 1362 coeperunt
738 1276 842 1342 sensit
858 1275 920 1342 boc
938 1275 1105 1342 conlatum
1123 1282 1140 1335 Ι

94 1365 168 1432 fidei
186 1387 264 1432 suae
284 1363 389 1432 &me
407 1365 607 1432 beneficium.
643 1387 719 1432 nam
737 1387 811 1433 oum
833 1363 1004 1432 interiecto
1023 1362 1107 1434 Oeli-

56 1467 83 1510 ιδ
96 1455 175 1543 gula
206 1453 310 1520 multa
342 1452 381 1520 de
415 1453 605 1541 abrogando
636 1455 772 1540 imperio
806 1475 845 1520 ac
875 1453 1040 1540 republica
1070 1453 1106 1520 in

95 1543 263 1631 antiquum
295 1541 440 1609 ordinem
469 1541 670 1610 restituenda
702 1540 941 1628 euertendaque
976 1542 1105 1628 penitus

94 1630 269 1701 (laesarum
301 1632 456 1699 uniuersa
489 1632 616 1698 familia
647 1635 781 1699 senatus
809 1635 842 1699 et
873 1629 1022 1698 eonsules
1054 1629 1106 1698 de·

94 1722 289 1808 creuissent,
325 1719 478 1790 Claudius
508 1743 585 1789 mox
616 1724 654 1789 ut
688 1721 896 1790 confirmauit
924 1719 1142 1808 imperiume

94 1833 214 1903 magna
228 1817 325 1902 atquc
341 1811 446 1881 adbuc
456 1811 581 1882 Romae
590 1812 760 1902 incognite
773 1833 851 1880 usus
867 1810 1047 1897 clementie,
1064 1831 1105 1878 ne

55 1918 82 1964 υ
96 1903 129 1972 ἱιι
147 1909 274 1972 tentam
293 1901 451 1972 nobilium
465 1903 704 1970 multitudinem
722 1903 813 1989 ultio,
832 1902 860 1971 ei
879 1906 966 1970 esset
980 1905 1105 1989 coepta,

94 1995 248 2074 saeuiret,
276 1993 409 2061 biduum
441 1992 535 2078 illud,
566 1991 692 2080 quode
720 1991 917 2081 reipublicae
940 1995 1030 2060 atain
1056 1993 1106 2059 in·

94 2081 229 2150 feliciter
242 2083 459 2149 consultatum
474 2086 645 2170 actumque
662 2082 778 2169 iuerat,
795 2080 969 2149 memoriae
987 2081 1107 2149 exemit
1210 2141 1221 2163 ,

94 2171 303 2259 omniumque
321 2171 480 2239 laetorum
503 2169 703 2240 dictorumue
725 2171 759 2237 in
781 2192 822 2239 eo
843 2171 972 2238 ueniam
994 2173 1029 2236 et
1051 2169 1107 2238 ob

95 2259 248 2328 liuionem
275 2260 310 2327 iu
337 2265 529 2348 perpetuum
557 2260 675 2328 sanxit
718 2260 767 2327 ita
793 2259 885 2327 illam
907 2259 1143 2346 praeclaramt

160 740 257 808 Anno
285 738 327 806 ab
353 739 433 808 urba
460 737 591 808 condita
612 755 755 808 nccxcv
776 739 927 808 'liberius
950 737 1142 813 Claudiuse

55 2353 130 2416 “et
155 2349 315 2417 famosam
337 2347 590 2417 Atheniensium
617 2349 826 2435 amnestiam,
853 2371 950 2437 quam
977 2347 1107 2435 quidem
1247 2393 1252 2414 .

23 2440 26 2448 ’
95 2437 218 2505 Romae
241 2437 391 2506 iuducere
408 2436 493 2506 Iulio
512 2437 651 2506 Caesare
673 2437 844 2504 interiecto
868 2442 998 2504 senatus
1018 2434 1105 2504 Cice·

94 2547 172 2593 rone
196 2526 351 2594 suadente
374 2530 602 2618 temptauexat,
624 2526 680 2594 sed
702 2526 848 2594 Antonio
870 2529 905 2592 et
925 2524 1106 2592 Octauieno

95 2618 228 2701 propter
256 2615 412 2682 ultionem
442 2615 577 2682 extincti
606 2612 754 2682 Gaeaarb
782 2613 1043 2699 inrumpentibus
1070 2613 1106 2679 in

93 2701 229 2769 inritum
246 2705 401 2770 censente
422 2701 509 2770 banc
527 2701 691 2788 Claudius,
709 2702 859 2789 quamuis
877 2702 981 2768 multo
999 2705 1106 2768 trucu-

55 2789 233 2858 ”lentiore
259 2813 359 2859 caum
384 2791 420 2858 in
441 2789 572 2858 ωοάοω
594 2789 854 2877 conspiratorum
876 2790 1106 2874 stimularetur,

93 2877 244 2949 ultronea
273 2879 445 2949 clementie
472 2879 563 2948 nullo
593 2883 763 2968 expetente
792 2877 943 2945 firmauit
989 2877 1143 2945 occidite

95 2969 194 3037 etiam
220 2970 335 3038 eodem
360 2975 508 3038 temore
559 2967 718 3038 merentis
746 2967 872 3072 ffatim
894 2965 957 3035 Dei
984 2965 1106 3056 grande

95 3056 299 3125 miraculum:
335 2993 495 3145 siquidem
575 3057 645 3124 rina·
675 3053 832 3124 Camillus
865 3055 1106 3140 Scribonianus,

93 3141 277 3212 Dalmatiae
299 3145 437 3232 legatus,
458 3145 581 3212 benum
598 3144 692 3213 uuile
710 3144 844 3212 molitus
861 3143 1008 3231 legiones
1026 3143 1106 3209 mul·

54 3245 80 3288 ⁸⁵
92 3233 145 3298 tas
158 3232 416 3320 fortissimasque
430 3233 471 3302 ad
485 3233 680 3302 sacrumerni
694 3232 908 3301 mutationem
921 3231 1106 3320 pellexerat

7 3317 204 3405 amiteque
226 3321 278 3388 die
300 3322 391 3407 dato,
417 3325 455 3390 ut
479 3323 515 3388 in
543 3319 653 3390 ulnam
674 3321 817 3408 undique
839 3321 881 3388 ad
901 3341 1023 3388 nouum
1045 3319 1104 3387 im·
1122 3329 1141 3382 'l
1258 3299 1268 3382 s

92 3410 274 3490 perstarem
303 3410 544 3498 conueniretur,
571 3431 675 3500 neque
703 3409 831 3497 aquilem
860 3409 970 3548 ornari
999 3430 1104 3498 neque

891 3519 924 3572 re

86 3791 133 3798 —-
