2744 3800
69 308 74 349 ὲ
192 297 324 362 rrnnt'
357 295 497 380 probent
524 317 604 362 sans
630 296 730 363 etiam
757 295 855 363 inuiti
881 297 1062 383 potentiam
1085 294 1182 363 simul
1205 300 1238 363 st

68 426 72 465 ,
173 469 175 472 Ι
225 383 431 451 clementiam
454 383 529 469 Dei,
552 383 608 471 qui
631 381 825 451 Christianis
848 383 1238 470 temporibuscffcndun·

68 496 71 511 ·
224 473 292 538 tur:
319 476 441 560 quanta
467 470 634 539 celeritate
661 475 827 540 tantorum
851 472 999 540 incendis
1021 472 1181 540 bellorum
1204 475 1239 539 et

66 633 70 657 t
225 560 367 627 ucitata
384 563 514 629 suntet
530 582 688 648 repressa,
709 582 781 628 cum
800 565 835 628 et
852 565 950 629 antea
967 560 1111 628 minimis
1130 560 1237 629 causis

66 676 69 697 ·
142 697 144 702 -
224 669 364 737 magnre
390 670 429 717 sc
458 649 629 717 diuturnae
652 650 759 717 clades
782 651 985 738 agitarentur
1006 654 1041 717 et
1062 671 1147 717 nunc
1170 667 1264 716 nra-u

65 782 68 804 ,
223 739 303 806 ximi
329 739 471 844 undique
500 745 731 826 concrepantes
758 761 954 829 magnorum
983 740 1144 808 malorum
1173 738 1236 806 lra-

65 832 69 898 i
188 840 321 918 egores
343 829 479 896 minimo
500 829 633 918 negotio
656 829 846 917 sopirentur.
882 830 948 896 iam
971 830 1058 897 enim
1080 832 1150 896 erat
1172 828 1237 897 Ro·

223 917 1235 1095 3:2²:irlmffittllltt‘ottil‘il‘ttttllt
1253 1035 1269 1076 ‚
1289 1029 1326 1073 a

466 1031 1001 1200 ΜΝ

221 1274 347 1358 perium
376 1295 415 1340 ac
441 1295 517 1340 mox
544 1278 687 1341 creatum
714 1275 944 1359 imperatorem
973 1275 1008 1340 in
1035 1273 1143 1341 Gallia
1174 1295 1234 1360 per

221 1359 433 1428 Germanicas
455 1362 601 1448 legiones
618 1361 789 1430 Vitellium
812 1361 1022 1448 conperisset,
1044 1361 1166 1428 bellum
1189 1363 1233 1428 ci·

221 1450 290 1516 uile
312 1450 447 1518 molitus
469 1451 575 1518 tribus
601 1451 743 1538 primum
770 1451 896 1517 leuibus
923 1450 1071 1536 proeliis,
1093 1449 1156 1517 boc
1182 1453 1233 1517 est

220 1561 288 1607 nno
314 1539 400 1626 apud
427 1539 542 1628 Alpes,
574 1539 639 1608 ulio
666 1541 753 1607 circa
777 1539 993 1624 Placentiam,
1021 1537 1120 1607 tertio
1146 1539 1234 1607 ciros
1247 1555 1274 1599 ιε

220 1627 338 1714 locum,
359 1649 456 1715 quem
474 1624 626 1696 Castores
644 1633 772 1713 uocant,
794 1633 909 1697 contra
922 1627 1116 1697 Vitellianos
1136 1627 1233 1696 duces

220 1736 413 1804 congressus
431 1717 537 1784 uictor
558 1715 751 1801 exstitisset,
779 1721 895 1803 quarto
924 1715 1010 1804 apud
1039 1715 1232 1783 Bedriacum

59 1853 62 1863 ,
221 1805 437 1891 proeliorum
460 1805 745 1872 animaduertisset
766 1827 842 1872 suos
869 1805 969 1888 uinci,
995 1825 1105 1871 mense
1131 1805 1231 1872 tertio

59 1900 62 1982 J
185 1903 212 1956 r
245 1915 320 1958 uam
333 1891 494 1978 imperare
506 1897 659 1980 coeperat
672 1913 742 1959 sese
759 1893 930 1960 interiecit
956 1892 1109 1960 Vitellius
1126 1893 1232 1959 uictor

217 1915 359 2047 Romam
384 1980 491 2048 uenit:
521 1980 578 2047 ubi
605 2001 678 2048 cnm
701 1980 805 2048 multa
827 1979 1001 2048 crudeliter
1022 2000 1061 2047 ac
1082 1980 1271 2067 nequiter»

69 102 76 242 ξΙ
229 150 295 217 248
445 116 581 208 'Pavor
598 154 721 209 oaosn
738 155 989 210 meroamavsr

69 245 73 297 r

68 352 72 410 ι

1002 1097 1093 1165 isone
1111 1096 1235 1165 Romae
1250 1115 1277 1156 ιο

219 2073 339 2156 egeret,
360 2068 544 2137 incredibili
562 2069 662 2136 etiam
680 2069 869 2137 uoracitetis
888 2069 1034 2156 appetitu
1052 2069 1229 2136 humanam

217 2159 321 2225 uitam
349 2158 476 2246 probris
506 2156 723 2246 adgrauaret,
753 2162 927 2246 postquam
956 2157 996 2224 dc
1025 2157 1229 2243 Vespasiano
1247 2185 1269 2226 s
1282 2181 1320 2224 ru

217 2247 385 2334 comperit,
405 2247 548 2335 primum
570 2247 609 2314 (le
653 2268 729 2315 nere
753 2247 884 2314 molitus
906 2246 1088 2334 imperium,
1109 2249 1187 2333 post
1210 2268 1230 2313 a

218 2335 412 2423 quibusdam
426 2335 587 2404 animatus
625 2335 759 2403 abinum
772 2335 968 2423 Vespasiani
981 2335 1125 2421 statem,
1144 2334 1229 2402 nibil

216 2428 288 2491 tum
310 2425 390 2492 mali
412 2425 640 2512 suspicantem,
662 2445 736 2492 cum
758 2425 876 2493 ceteris
894 2424 1062 2492 Flauianis
1079 2424 1114 2490 in
1133 2422 1228 2511 Capi·
1241 2440 1270 2486 rr

216 2513 335 2582 tullum
362 2514 520 2602 compulit
546 2535 765 2602 succensoque
789 2512 913 2601 templo
942 2517 976 2580 st
1002 2513 1106 2580 mixta
1128 2512 1227 2580 simul

56 2633 58 2640 ·
216 2603 349 2670 flamma
370 2604 530 2691 ruinaqm
551 2625 665 2672 omnes
687 2603 723 2670 in
741 2625 842 2670 unum
861 2603 984 2691 pariter
1000 2601 1170 2670 interitum
1189 2624 1228 2670 ac

180 2693 378 2761 etnmnlnm
400 2692 507 2760 dedit:
542 2697 623 2778 post·
639 2692 808 2760 deficiente
830 2693 865 2758 in
888 2691 1083 2780 Vespasiani
1107 2713 1228 2759 nomen

55 2776 59 2810 ²
216 2782 358 2849 exercitu
376 2803 436 2849 suo
458 2781 633 2848 destitutus
656 2780 1057 2869 adpropinquantibusque
1079 2780 1146 2848 ism
1167 2780 1227 2848 ho·

217 2869 322 2936 stibus
339 2869 485 2956 trepidus
503 2891 576 2937 cnm
595 2890 630 2935 se
653 2869 688 2936 in
711 2870 875 2956 quandam
897 2869 1079 2957 proximam
1099 2867 1226 2936 Palatio
1240 2887 1268 2930 so

215 2957 366 3026 cellulam
389 2958 614 3043 contrusisset,
635 2957 824 3044 turpissime
846 2957 921 3025 inde
943 2961 1130 3045 protractus
1153 2977 1227 3024 cnm

214 3067 276 3132 per
296 3047 384 3114 nism
407 3044 540 3114 Sacrum
562 3046 668 3114 nudus
691 3045 874 3131 duceretur,
901 3045 1023 3133 passim
1050 3046 1163 3113 timum
1190 3045 1226 3111 in

215 3155 254 3201 os
270 3133 341 3202 eins
357 3134 614 3202 coniectantibus
632 3133 668 3200 in
684 3133 792 3202 iorum
810 3134 975 3220 deductus,
992 3137 1110 3238 ootouo
1127 3154 1226 3220 quam

214 3226 648 3378 imm-Vl
665 3219 787 3376 23:3²3:
803 3220 1095 3398 bristi-”llll-
1116 3220 1225 3376 :itt
1238 3241 1315 3371 :⁴²¹

56 3436 60 3494 ς
213 3399 363 3468 niteatur
383 3404 481 3487 atque
502 3397 578 3467 inde
598 3418 683 3467 unco
704 3401 830 3468 trsctm
852 3403 888 3466 et
907 3398 943 3466 in
966 3397 1121 3466 Tiberim
1143 3415 1225 3465 mer·
1243 3427 1265 3470 s·
1279 3415 1316 3461 su

56 3576 59 3597 Ι
180 3500 272 3556 esus
300 3487 400 3576 etiam
428 3489 592 3556 communi
620 3488 726 3556 ceruit
754 3488 937 3574 sepultura·
975 3487 1088 3556 multis
1116 3492 1226 3555 autem

1288 3729 1332 3754 Δ
