2806 3788
339 123 535 178 snvsasvar
552 118 717 178 seueros
731 83 791 177 ¹1111
811 126 834 178 1.
852 127 880 178 s.
1051 119 1116 188 103

101 269 227 357 trepido
257 267 519 337 circumferentes
547 267 647 335 exitio
675 267 743 335 suis
769 267 869 335 inere.
913 289 1009 335 caesa
1036 271 1113 334 sunt
1131 279 1167 331 ss

101 361 136 426 in
165 381 203 426 ea
230 377 341 444 pugna
368 375 392 423 v
418 357 510 424 milis
531 355 767 437 Romanorum,
798 356 838 423 de
865 355 1007 424 exercitu
1034 377 1112 424 uero

101 447 221 533 Pyrrhi
247 464 296 512 xx
324 445 415 511 milia
440 449 606 530 prostrata
633 447 720 512 sunt
765 445 852 532 regis
880 444 975 532 signa
1002 443 1113 511 ablata

101 535 418 616 un1,Romanorum
441 533 589 601 undecim
613 533 735 601 amissa
757 536 842 600 suut.

73 641 87 685 s
165 622 310 710 Pyrrhus
333 621 420 690 bello
441 622 575 708 fractus,
597 621 782 727 Agathocle
803 626 933 689 mortuo
956 642 1034 709 rege
1052 619 1113 708 Sy·
1131 633 1167 684 ee

99 734 256 780 recusauo
288 711 330 780 ad
361 709 491 779 Sicilire
521 715 698 780 arcessrtus
729 711 901 797 imperium
933 708 1112 798 Syracusas

99 802 265 870 concessit
856 820 859 827 ·

165 891 229 960 Sed
242 889 463 959 Romanorum
482 889 614 958 miseria
631 889 730 958 nullis
749 893 855 957 cessat
871 889 1020 976 indutiis;
1038 911 1112 957 cen·
1130 893 1149 951 2

99 981 239 1048 sumitur
256 979 444 1048 morborum
463 979 558 1047 malis
575 979 786 1068 intercapedo
804 979 965 1047 bellorum
978 983 1022 1066 et,
1039 999 1113 1046 oum

61 1089 87 1130 ιο
100 1069 180 1138 foris
203 1073 350 1138 cessetur
369 1092 390 1138 a
408 1069 543 1157 proelio,
565 1069 674 1158 agitur
691 1068 869 1138 introrsum
887 1068 938 1137 ire
955 1068 995 1137 de
1013 1069 1114 1138 eaelo.

99 1181 175 1226 uam
198 1159 300 1228 Fabio
324 1157 460 1246 Gurgite
488 1160 605 1226 iterum
629 1158 664 1227 G.
688 1159 832 1227 Genucio
855 1157 1012 1246 Olepaina
1036 1171 1147 1226 ceu-s

99 1249 223 1315 salibus
245 1248 433 1334 pestilentie
456 1249 566 1335 grauis
585 1249 698 1314 urbem
722 1271 761 1314 ac
784 1249 864 1314 fines
888 1248 957 1315 eius
975 1249 1110 1332 inuasit,

98 1355 180 1421 quas
207 1358 280 1403 cum
308 1357 421 1403 omnes
447 1342 518 1403 tum
541 1336 713 1422 praecipue
735 1337 887 1402 mulieres
909 1336 1112 1422 pecudesque
1232 1347 1235 1352 '
1365 1375 1366 1384 ι

98 1423 276 1512 corripiens
298 1425 424 1491 necetis
446 1424 483 1490 in
505 1427 599 1490 utero
617 1423 739 1492 ictibus
758 1425 870 1492 sutura
886 1423 977 1511 prole
996 1444 1113 1491 uacssa·

59 1510 166 1593 rebat,
188 1515 221 1577 et
243 1512 426 1578 immaturis
449 1513 607 1597 partubus
630 1533 704 1578 cum
727 1512 870 1599 periculo
894 1516 1041 1579 matrum·
1059 1535 1111 1580 ex·

98 1600 177 1665 torti
196 1599 331 1667 abortus
349 1599 599 1686 proiciebantur,
617 1599 698 1667 adeo
716 1605 754 1667 ut
772 1600 939 1668 defectura
950 1601 1111 1668 successio

98 1691 131 1752 et
148 1687 336 1754 defuturum
355 1687 560 1754 animantum
578 1709 680 1772 genus
698 1689 849 1775 adempto
868 1689 980 1754 uitalis
997 1693 1113 1773 partus

44 1775 84 1814 ¹¹⁹
99 1769 254 1860 ¹legitimo
277 1775 387 1841 ordine
410 1775 600 1841 crederetur.

163 1860 294 1929 Interea
313 1883 479 1929 reuersum
498 1883 538 1928 ex
558 1860 669 1930 Sicilia
685 1863 847 1949 Pyrrhum
861 1859 979 1930 Curius
997 1863 1112 1930 consul
1129 1876 1147 1924 e

57 1968 83 2008 ro
98 1951 237 2034 excepit,
268 1951 463 2034 tertiumque
490 1950 524 2015 id
551 1950 674 2016 bellum
702 1956 816 2017 contre
841 1950 997 2035 Epirotas
1025 1950 1111 2036 apud

96 2036 274 2103 Lucaniam
292 2037 328 2102 iu
341 2037 491 2103 Arusinis
511 2037 634 2123 campis
676 2043 782 2104 cstum
796 2043 855 2104 est
878 2038 990 2123 itaque
1002 2037 1110 2123 primo
1129 2052 1146 2100 s

97 2145 255 2192 concursu
279 2145 351 2190 cum
374 2117 637 2212 Pyrrhi'milites
653 2057 884 2194 homanorum
907 2125 1110 2215 inpressione

96 2212 296 2299 trepidarent
329 2217 363 2280 et
394 2215 702 2298 circumspectantes
735 2215 846 2303 fugem
878 2216 965 2283 bello
997 2215 1110 2284 cedere

96 2302 296 2388 molirentur,
317 2301 463 2390 Pyrrhus
489 2299 681 2390 elephantos
705 2326 743 2371 er
767 2303 919 2372 subsidiis
942 2305 1040 2372 iussit
1060 2306 1111 2372 in·

56 2411 84 2454 ss
97 2391 178 2458 duci.
221 2391 372 2478 Romani,
394 2392 521 2460 adsueti
543 2393 610 2461 iam
633 2415 779 2482 pugnare
802 2417 876 2462 cum
899 2393 1014 2481 beluis,
1036 2407 1145 2464 cumo

96 2480 264 2547 malleolos
292 2485 412 2566 stuppa
438 2481 604 2549 inuolutos
632 2504 670 2549 ac
697 2484 768 2568 pice
796 2483 916 2549 oblitos
942 2485 1035 2550 uncis
1061 2486 1109 2551 in·

96 2588 193 2653 super
219 2567 340 2634 aculeis
363 2571 491 2634 tenaces
513 2569 800 2654 praeparauissent
821 2590 942 2656 eosque
964 2571 1110 2638 murma-

95 2661 148 2723 tos
170 2655 205 2721 in
227 2659 322 2743 terga
343 2655 513 2723 beluarum
534 2662 704 2744 turresque
725 2656 908 2744 uibrareut,
933 2678 1002 2726 non
1024 2658 1110 2725 diffi-

96 2743 157 2810 cile
192 2744 337 2813 furentes
369 2746 586 2850 ardentesque
618 2746 732 2814 beluas
764 2747 800 2814 in
833 2769 944 2815 eorum
975 2746 1110 2853 excidia,

55 2851 82 2894 ³⁰
95 2834 796 3011 tetthttztttt‘ttsttui
819 2837 1144 3014 effice

94 3028 173 3075 uero
195 3025 233 3074 vr
260 3011 359 3077 mitis.
405 3033 444 3078 ex
472 3011 524 3078 his
546 3033 642 3078 caesa
663 3013 849 3080 referuntur
870 3030 985 3080 mm
1007 3015 1107 3100 milia,

93 3095 182 3181 capti
208 3102 318 3164 eutem
345 3105 423 3165 sunt
445 3099 535 3166 mille
557 3101 703 3168 trecenti.
748 3099 893 3187 Pyrrhus
916 3101 1030 3186 quinto
1052 3102 1107 3170 de·
1125 3111 1155 3178 t,

93 3205 183 3251 mum
211 3205 311 3272 auno,
340 3208 439 3276 quem
465 3193 613 3276 uenerat,
642 3189 684 3257 ab
710 3187 808 3258 Italia
834 3189 941 3258 uictus
968 3189 1107 3281 aufugit.

51 3291 80 3335 ss
92 3273 148 3428 ppt
175 3277 254 3361 post
279 3275 384 3344 muita
410 3276 670 3366 grauissimaque
696 3278 797 3364 hehe,
824 3301 909 3368 quae
931 3281 1046 3368 gessit,
1072 3280 1107 3348 in
1189 3327 1196 3350 .

122 3362 229 3428 macie
259 3365 346 3450 apud
374 3365 483 3452 Asgos
511 3365 656 3435 Achaiae
688 3368 952 3436 florentissimam
982 3369 1119 3455 urbem,

37 3475 41 3486 ¹
91 3447 246 3535 Spartani
267 3453 362 3541 regni
379 3453 540 3522 auiditate
561 3453 721 3542 seductus,
744 3477 823 3524 sexo
841 3456 926 3524 ietsrs
945 3456 1127 3526 occubuit'
1272 3448 1277 3458 ’
