2806 3788
333 135 927 226 sovrrnsrsrescsrsos111rs-so.v
1053 213 1054 216 p
1084 130 1126 199 8'1

115 277 214 365 aegri,
235 276 364 344 uiribus
387 275 467 343 lassi
485 275 615 343 difficile
634 276 798 361 uicissent,
820 282 928 343 metra
945 276 988 344 ob
1006 297 1127 344 memo-
1298 323 1300 347 r

114 366 197 435 riam
220 366 295 453 plus
319 365 417 433 solito
435 364 610 452 magnifica
627 364 849 433 condiderunt
885 364 969 432 exim
988 364 1162 432 Alexan-s
1298 395 1300 403 ⁴

114 456 171 526 der
193 456 234 525 ad
256 477 385 524 amnem
400 455 575 545 Agesinem
593 456 714 546 pergit3
737 475 796 544 per
813 455 900 525 hunc
914 455 949 522 in
963 452 1128 524 Oceanum

116 546 299 614 deuehitur:
328 545 373 612 ibi
398 545 545 614 Gesonae
568 543 741 632 Sibosquo,
769 567 850 633 quos
872 545 1030 613 Hercules
1052 567 1127 613 con·

25 663 48 704 s
61 650 100 694 1⁰¹
114 634 211 720 didit,
233 633 407 720 oppressit.
450 633 528 701 bino
552 631 596 700 'irs
617 632 771 701 Mandros
793 638 828 701 at
849 632 1014 721 Subagrae
1036 635 1129 700 naui·

86 727 186 811 egat:
209 743 292 809 quae
314 728 430 876 gentes
454 743 527 790 eum
550 723 686 788 armatis
707 739 806 788 nxxx
828 722 959 789 milibus
981 721 1128 809 peditum

113 814 148 878 et
175 828 224 878 ax
249 810 319 877 mili
343 833 381 878 us
409 811 554 897 equitum
581 811 755 898 excipiunt
799 811 973 879 commisso
1000 810 1161 898 proelio?

113 899 169 966 diu
199 920 318 986 anceps
353 903 387 966 et
412 903 546 966 cruenta
594 920 683 986 agna
708 899 841 967 undem
868 899 998 967 tristem
1024 921 1127 986 paene

114 987 285 1054 uictoriam
307 985 541 1055 Macedonibus
564 924 662 1055 dedit
703 1009 782 1055 nam
804 987 885 1054 fusis
907 987 1052 1055 hostium
1075 1009 1129 1055 eo·

74 1091 101 1133 ιο
113 1075 177 1161 piis
195 1074 381 1179 Alexander
397 1076 575 1180 exercitum
593 1075 636 1142 ad
654 1075 769 1180 urbem
786 1074 893 1180 duxit,
915 1079 1040 1143 etcum
1058 1097 1129 1143 mu·

112 1164 1162 1341 metet?tellttmllttllftllzlt0

112 1339 409 1426 circumdedissent,
430 1341 619 1409 incredibile
638 1342 727 1410 dictu
745 1349 796 1409 est
813 1345 851 1408 ιιι
868 1363 942 1408 eum
961 1363 1027 1410 non
1045 1341 1126 1408 mul-

111 1427 216 1495 titudo
244 1427 402 1512 hostium,
428 1451 495 1496 non
521 1430 572 1496 nis
597 1449 719 1517 magna
740 1429 894 1514 telorum,
924 1452 992 1497 non
1013 1435 1126 1497 tantus

72 1529 99 1573 ιι
113 1515 340 1584 lacescentium
363 1517 487 1586 clamor
504 1519 666 1603 terruerit,
688 1517 779 1585 solus
798 1520 850 1584 tot
866 1517 959 1585 milis
976 1516 1128 1586 ceciderit

111 1626 150 1671 ac
172 1603 304 1693 fugarit
346 1609 382 1672 at
403 1605 459 1674 ubi
483 1628 517 1674 so
540 1606 635 1675 obrui
657 1629 678 1674 a
700 1607 895 1674 secuntum
916 1605 1163 1675 multitudines

111 1695 285 1781 persensit,
316 1695 402 1762 muri
434 1695 526 1765 obice
557 1697 742 1783 posteriora
771 1700 914 1782 tutatus,
944 1697 1127 1765 contrarios

111 1782 238 1850 facilins
265 1805 304 1852 eo
331 1805 433 1873 usquo
462 1785 632 1872 sustinuit,
660 1785 761 1854 donec
789 1786 830 1853 ad
853 1785 1033 1874 periculum
1055 1785 1127 1854 eius

111 1871 348 1961 clamoremque
365 1873 510 1942 hostium
528 1874 699 1962 perfractis
721 1874 822 1944 muris
841 1875 1000 1944 exercitas
1018 1873 1127 1944 omnis

70 1961 319 2050 sinmmpersc
364 1963 400 2029 in
434 1985 472 2032 eo
501 1963 624 2050 proelio
652 1965 776 2053 sagitta
803 1964 864 2033 sub
891 1987 1035 2034 mamma
1061 1968 1127 2033 tra·
1146 1977 1183 2030 10
1322 2036 1327 2046 ¹

22 2077 44 2118 s
58 2066 98 2111 m
112 2051 223 2138 iectus,
245 2052 310 2119 fixo
333 2072 420 2140 genu
444 2051 585 2121 loretenus
610 2056 779 2142 pugnauit,
801 2054 902 2123 donee
925 2077 1000 2122 eum
1022 2076 1043 2121 a
1063 2076 1127 2142 quo

111 2141 301 2208 uulneratus
332 2145 419 2208 essct
450 2142 619 2210 occideret
664 2142 739 2210 inde
770 2143 956 2212 conscensis
987 2143 1127 2212 nauibus
1146 2155 1180 2208 ιι

111 2249 185 2296 cum
208 2228 330 2297 Oceani
353 2230 451 2298 litora
474 2236 673 2320 peragraret,
696 2231 736 2299 ad
760 2232 874 2301 urbem
892 2232 1056 2320 quandam
1074 2233 1127 2301 cui

111 2317 250 2385 Ambirs
280 2339 337 2385 rex
364 2325 514 2406 praeerat
540 2322 697 2408 peruenit
741 2321 799 2389 sed
825 2321 861 2389 in
887 2344 971 2409 expu
1038 2321 1126 2390 tione

69 2423 98 2466 ss
111 2405 256 2475 ciuitatis
287 2429 442 2498 magnam
473 2415 600 2496 partem
631 2409 791 2479 exercitus
821 2411 954 2499 sagittis
1006 2411 1126 2480 ostism

112 2517 237 2564 ueneno
260 2497 364 2565 inlitis
386 2498 505 2584 amisit,
527 2521 566 2566 ao
588 2505 665 2585 post
681 2499 783 2567 herba
800 2521 860 2586 per
878 2499 1042 2569 somnium
1062 2500 1126 2568 sibi

111 2590 242 2654 osteum
259 2590 293 2655 et
311 2584 346 2654 in
364 2591 480 2674 potum
498 2589 616 2656 aarum
634 2587 712 2656 data
730 2609 803 2657 cum
821 2588 955 2677 reliquis
974 2588 1127 2657 subueni-

112 2682 210 2762 retur,
232 2677 345 2745 urbem
368 2677 573 2767 expugnauit
595 2684 629 2747 et
651 2677 746 2768 cepit

177 2766 258 2834 Post
279 2767 374 2854 quasi
396 2770 592 2838 circumacta
614 2774 702 2838 mete
725 2769 764 2837 de
782 2769 910 2838 Oceano
928 2768 1046 2838 Indum
1067 2769 1124 2837 flu·
1138 2774 1182 2835 ω

71 2868 99 2912 ⁸0
112 2875 187 2921 men
212 2855 390 2944 ingressus,
419 2855 627 2946 Babylonem
652 2858 799 2927 celeriter
821 2857 927 2929 rediit.
970 2858 1026 2927 ubi
1049 2871 1160 2927 sums

111 2945 338 3014 exterritarum
359 2947 462 3017 totius
487 2948 575 3016 orbis
597 2947 839 3054 prouinciarum
861 2949 963 3038 legati
981 2971 1024 3036 op
1047 2948 1125 3017 erio·
1181 3013 1185 3020 .

112 3033 245 3122 bantur,
276 3037 339 3106 hoc
370 3043 422 3106 est
450 3033 770 3128 Carthaginiensium
802 3039 967 3127 totiusque
1057 3039 1126 3108 'ose

111 3121 295 3212 ciuitatum,
322 3126 378 3193 sed
407 3130 441 3194 et
462 3127 682 3214 Hispanorum
705 3125 874 3196 Gallorum
896 3126 1027 3196 Siciliae
1050 3127 1126 3196 Sar·

22 3233 45 3275 r·
58 3226 98 3269 ιιι
111 3209 299 3318 dimseque,
326 3211 496 3301 plulrimae
522 3220 691 3302 praeterea
717 3217 822 3302 partis
844 3216 968 3285 ltaliae
1010 3220 1161 3284 tantuss

70 3304 210 3368 aanor
236 3324 272 3369 m
299 3326 426 3373 summo
454 3303 578 3372 oriente
605 3305 777 3374 constituti
803 3305 894 3373 dacis
917 3305 1054 3393 populos
1075 3305 1124 3372 nl·

110 3387 183 3454 timi
214 3391 391 3460 occidentis
423 3392 603 3480 innuerat,
643 3399 681 3462 ut
711 3393 786 3462 indo
818 3394 1021 3482 peregrinam
1052 3397 1124 3463 toto

110 3475 231 3544 mundo
246 3501 394 3549 cerneres
407 3480 616 3569 legationem,
634 3504 698 3571 quo
711 3482 768 3550 uix
781 3482 925 3551 crederes
937 3482 1124 3569 parumne
