2820 3778
238 65 250 84 ²
337 87 535 140 mvucsvu
552 85 718 140 arcanos
738 87 762 138 v
779 89 805 142 ι.
825 90 849 142 ι.
1037 81 1100 148 145

88 229 176 317 quod
202 229 320 298 clarius
347 229 594 316 promptiusque
623 229 705 316 ipsis
734 234 882 297 uelorum
910 229 1013 316 gestis
1042 249 1101 315 per

88 319 235 386 ordinem
256 317 418 404 explicitis
441 318 613 404 aperietur.

156 407 253 474 Anno
272 407 315 473 eb
337 405 418 474 urbe
440 405 571 474 condita
593 405 774 491 ncv1,boc
797 409 847 473 est
869 405 982 474 εοᾶοιιι
1004 407 1139 492 annot

89 517 153 582 quo
177 499 211 562 at
233 491 399 582 Carthago
425 494 534 562 delata
560 499 624 580 est,
651 491 710 562 On.
732 492 882 562 Cornelio
904 493 1043 562 Lentulo
1065 493 1102 561 Ia

48 599 62 643 ι
88 583 247 650 Mummio
277 582 462 650 consulibus
491 583 620 649 ruinam
649 579 858 669 Carthaginis
887 582 1014 650 euereio
1040 580 1102 650 Oo-

88 671 192 738 rintui
214 670 387 738 subsecuta
408 675 472 757 est,
499 670 700 756 duarumque
727 671 1028 756 potentissimarum
1052 691 1103 736 ur·
1230 743 1235 753 ¹

89 759 180 826 bium
211 779 314 846 paruo
346 757 443 826 unius
474 759 633 844 temporis
664 758 838 826 interuallo
869 779 927 846 per
957 757 1102 826 diuersas

88 846 201 914 muudi
219 851 330 935 partes
348 846 532 915 miserabile
550 847 694 915 couluxit
710 847 903 916 incendium
935 869 1011 915 nam
1029 868 1103 916 cum
1121 857 1139 908 ι

89 935 242 1005 Metellus
264 941 396 1024 praetor
412 935 562 1006 Achaeos
580 935 799 1025 Boeotiosque
817 937 1007 1006 coniunctos
1025 935 1104 1004 duo·

4 1066 5 1069 =
32 1042 73 1086 ιιι
90 1026 152 1093 bus
179 1026 288 1112 bellis,
316 1027 379 1094 buc
406 1031 457 1094 cst
478 1026 620 1114 primum
648 1027 734 1114 apud
757 1025 1009 1114 Thermopylas,
1036 1025 1139 1094 liu-a

49 1133 75 1174 ιι
88 1137 162 1183 rum
178 1116 214 1182 in
231 1113 373 1182 Phocide
390 1115 523 1183 uicisset
541 1151 584 1164 -
602 1137 740 1203 quorum
757 1115 865 1202 priore
887 1116 975 1184 bello
997 1115 1105 1185 occisa

89 1224 160 1271 esse
187 1222 237 1272 xx
264 1204 369 1290 milia,
397 1202 537 1272 secundo
565 1222 616 1272 vn
643 1204 735 1272 milia
758 1225 853 1272 caesa
876 1202 1031 1273 Claudius
1053 1203 1105 1272 hi-

89 1293 229 1360 storicus
257 1293 371 1379 refert,
392 1291 544 1360 Valerius
572 1297 606 1360 at
627 1293 748 1361 Anum
775 1293 810 1361 iu
832 1293 959 1361 Achaia
979 1315 1104 1382 pugua-

89 1385 161 1449 tum
190 1388 225 1448 et
253 1399 303 1449 xx
334 1381 427 1448 milia
455 1381 661 1450 Achaeorum
694 1403 768 1450 cum
802 1381 883 1451 duce
914 1405 974 1452 suo
1001 1381 1115 1452 Iliaco¹

50 1489 77 1532 ιι
91 1469 243 1538 cecidisse
270 1471 479 1556 confirmant,
505 1470 663 1560 Polybius
686 1471 833 1540 Achiuos
856 1472 1005 1560 quamuis
1026 1477 1105 1542 tunc

89 1559 124 1626 in
146 1559 261 1628 Africa
286 1580 359 1627 cum
383 1558 534 1647 Scipione
560 1560 673 1646 fuerit,
699 1565 824 1648 umen,
849 1563 926 1648 quia
952 1560 1105 1631 domesti-

91 1670 163 1717 cam
194 1649 319 1716 cladem
351 1649 502 1736 ignorare
534 1669 602 1716 non
632 1650 743 1736 putuit
787 1652 887 1718 semel
915 1651 952 1718 in
979 1652 1106 1720 Achaia

89 1741 271 1826 pugnatum
294 1735 439 1806 Critolao
471 1737 552 1806 duce
580 1739 704 1807 adserit
731 1701 867 1808 lliaeum
893 1761 972 1808 uero
1006 1739 1105 1808 addu

92 1831 219 1896 centem
246 1849 285 1894 cx
308 1825 449 1894 Arcadia
476 1827 616 1895 militem
643 1828 685 1894 ab
712 1829 826 1897 codam
853 1828 986 1897 Metello
1012 1851 1106 1918 prae·

51 1932 79 1977 ιι
92 1921 162 1984 tora
184 1937 377 2002 oppressum
401 1937 475 1982 cum
497 1918 639 1984 exercitu
661 1915 771 2003 docet3
799 1917 856 1985 aed
882 1918 923 1984 de
945 1919 1142 1996 uuriatatca

90 2002 345 2072 discordantium
358 2003 591 2072 historicorum
605 2005 852 2092 aliquantulam
865 2004 1014 2092 diximus,
1027 2027 1106 2094 quu-

89 2114 162 2159 rum
185 2093 328 2160 sufficiat
350 2091 478 2160 dctccta
499 2089 580 2160 haec
602 2097 637 2160 et
657 2094 743 2160 male
765 2099 846 2162 uota
864 2094 1107 2164 mendaciorum

89 2184 179 2267 nota,
201 2180 278 2266 quia
300 2201 416 2266 pamm
438 2179 632 2248 credendum
653 2203 725 2249 csse
747 2182 783 2249 in
805 2182 922 2251 ceteris
940 2182 1108 2252 euidenter

91 2266 267 2338 ostendunt
288 2269 344 2358 qui
366 2269 401 2336 in
423 2268 477 2337 his
499 2291 637 2358 quoque,
659 2291 741 2360 quae
759 2271 823 2360 ipsi
846 2271 965 2362 uidere,
987 2273 1107 2342 diuaru

50 2375 78 2421 ιι
91 2363 170 2427 sunt
190 2395 235 2410 —
257 2359 360 2446 igitur
384 2363 462 2448 post
483 2359 628 2429 extincte
649 2361 753 2430 totius
775 2361 921 2430 Acbuiae
943 2363 1142 2450 praesidius

91 2447 321 2516 destitutarum
344 2447 546 2515 acessionem
568 2449 698 2516 urbium
715 2449 850 2518 Metello
867 2457 1018 2539 praetore
1040 2473 1107 2519 me·

90 2536 215 2604 ditente
237 2537 351 2604 consul
373 2535 550 2604 Mummius
572 2538 762 2624 repentinus
784 2560 857 2608 cum
881 2539 993 2626 puucis
1015 2541 1107 2609 uenit

90 2625 126 2692 in
142 2628 259 2693 castra
295 2623 352 2712 qui
369 2623 503 2694 dimisso
526 2625 640 2694 statim
661 2626 795 2695 Metello
818 2625 1012 2697 Corinthum
1035 2631 1106 2698 sine

90 2736 183 2782 mora
199 2713 409 2803 expugnauit,
426 2715 540 2783 urbam
557 2719 629 2784 toto
647 2719 727 2784 tuuc
745 2718 824 2785 orbe
846 2716 943 2808 louge
962 2719 1107 2788 omnium
1159 2743 1161 2747 ·

51 2804 385 2891 »opulentissimam
415 2805 536 2910 quippe
565 2825 647 2894 quae
678 2806 771 2875 uelut
797 2806 929 2876 officim
962 2808 1105 2877 omnium

93 2894 254 2964 artificum
285 2897 383 2984 atqua
415 2894 627 2963 artificiorum
658 2901 693 2963 et
723 2896 904 2985 emporium
936 2919 1107 2967 commune

96 2983 196 3054 Asiae
229 2989 326 3074 etque
356 2983 509 3073 Europae
541 3005 600 3073 per
630 2985 734 3055 multa
760 2991 848 3056 retro
877 2987 1007 3058 saecum
1034 2987 1107 3057 lusit

133 3076 252 3145 amissa
281 3074 454 3144 crudelitas
480 3075 578 3144 ctiam
605 3075 743 3164 captiuis
770 3077 948 3166 praedendi
974 3078 1142 3148 licentiae

6 3182 72 3226 ,ιιι
100 3163 148 3233 sic
170 3165 282 3234 omnia
312 3164 465 3234 caedibus
492 3165 687 3255 ignibusque
710 3168 976 3255 conpletum,
1007 3171 1046 3236 ut
1066 3169 1107 3238 da
1223 3226 1232 3242 .
1310 3203 1313 3212 ¹

53 3269 81 3314 ιι
94 3275 261 3321 murorum
293 3253 416 3321 ambitu
450 3255 544 3342 quasi
575 3276 594 3323 a
625 3256 754 3324 camino
785 3257 822 3323 in
849 3278 952 3325 uuum
980 3257 1107 3345 apicem

91 3344 277 3408 mactatum
300 3341 480 3410 exundaret
497 3342 693 3411 incendium.
727 3345 837 3432 itaqua
855 3345 996 3432 plurima
1012 3351 1106 3434 perte

91 3426 207 3511 populi
225 3427 312 3494 ferro
331 3427 535 3515 flammisque
553 3437 748 3518 consumpta
764 3433 889 3521 reliqua
911 3433 973 3501 sub
986 3455 1106 3502 corona

144 3533 515 3584 cammamamm.
911 3541 945 3592 ιο
